<?xml version="1.0" encoding="UTF-8"?>
<!DOCTYPE html PUBLIC "-//W3C//DTD XHTML 1.0 Transitional//EN"
    "http://www.w3.org/TR/xhtml1/DTD/xhtml1-transitional.dtd">
<html xmlns="http://www.w3.org/1999/xhtml" xml:lang="en" lang="en">
 <head>
  <title>
</title>
<meta http-equiv="Content-Type" content="text/html;charset=utf-8" />
  <meta name='ocr-system' content='tesseract 3.04.00' />
  <meta name='ocr-capabilities' content='ocr_page ocr_carea ocr_par ocr_line ocrx_word'/>
</head>
<body>
  <div class='ocr_page' id='page_1' title='image "./renatidescartes03descgoog_0114.png"; bbox 0 0 4367 5050; ppageno 0'>
   <div class='ocr_carea' id='block_1_1' title="bbox 1764 430 3078 530">
    <p class='ocr_par' dir='ltr' id='par_1_1' title="bbox 1764 430 3078 530">
     <span class='ocr_line' id='line_1_1' title="bbox 1764 430 3078 530; baseline -0.018 -1"><span class='ocrx_word' id='word_1_1' title='bbox 1764 445 2203 530; x_wconf 70' lang='lat' dir='ltr'>KENATI</span> <span class='ocrx_word' id='word_1_2' title='bbox 2311 445 2510 518; x_wconf 85' lang='lat' dir='ltr'>DES</span> <span class='ocrx_word' id='word_1_3' title='bbox 2615 430 3078 513; x_wconf 64' lang='lat' dir='ltr'>CARTES&#39;</span> 
     </span>
    </p>
   </div>
   <div class='ocr_carea' id='block_1_2' title="bbox 785 488 3872 2125">
    <p class='ocr_par' dir='ltr' id='par_1_2' title="bbox 785 488 3809 654">
     <span class='ocr_line' id='line_1_2' title="bbox 785 488 3673 557; baseline -0.012 -17"><span class='ocrx_word' id='word_1_4' title='bbox 785 543 803 554; x_wconf 66' lang='lat'><em>,</em></span> <span class='ocrx_word' id='word_1_5' title='bbox 991 488 1129 557; x_wconf 75' lang='lat'>“04</span> <span class='ocrx_word' id='word_1_6' title='bbox 3668 503 3673 506; x_wconf 81' lang='grc'><strong>,</strong></span> 
     </span>
     <span class='ocr_line' id='line_1_3' title="bbox 1033 540 3809 654; baseline -0.013 -3"><span class='ocrx_word' id='word_1_7' title='bbox 1033 557 1043 579; x_wconf 66' lang='lat'><em>‘</em></span> <span class='ocrx_word' id='word_1_8' title='bbox 2363 563 2485 634; x_wconf 87' lang='lat' dir='ltr'>Sed</span> <span class='ocrx_word' id='word_1_9' title='bbox 2499 565 2665 654; x_wconf 87' lang='lat' dir='ltr'>prius</span> <span class='ocrx_word' id='word_1_10' title='bbox 2678 562 2782 629; x_wconf 87' lang='lat' dir='ltr'>hic</span> <span class='ocrx_word' id='word_1_11' title='bbox 2799 562 3011 649; x_wconf 86' lang='lat' dir='ltr'>paucis</span> <span class='ocrx_word' id='word_1_12' title='bbox 3027 553 3109 626; x_wconf 84' lang='lat' dir='ltr'>ad</span> <span class='ocrx_word' id='word_1_13' title='bbox 3138 549 3378 645; x_wconf 64' lang='lat' dir='ltr'>quesita</span> <span class='ocrx_word' id='word_1_14' title='bbox 3407 550 3503 623; x_wconf 83' lang='lat' dir='ltr'>D.</span> <span class='ocrx_word' id='word_1_15' title='bbox 3527 540 3738 626; x_wconf 62' lang='lat' dir='ltr'>vestre</span> <span class='ocrx_word' id='word_1_16' title='bbox 3803 640 3809 645; x_wconf 15' lang='grc' dir='ltr'>ι</span> 
     </span>
    </p>

    <p class='ocr_par' dir='ltr' id='par_1_3' title="bbox 896 648 3740 793">
     <span class='ocr_line' id='line_1_4' title="bbox 896 648 3740 793; baseline -0.013 -43"><span class='ocrx_word' id='word_1_17' title='bbox 896 675 906 688; x_wconf 71' lang='grc'><strong>“</strong></span> <span class='ocrx_word' id='word_1_18' title='bbox 975 669 986 679; x_wconf 70' lang='grc'><strong><em>’</em></strong></span> <span class='ocrx_word' id='word_1_19' title='bbox 1030 708 1114 793; x_wconf 66' lang='lat'>1-</span> <span class='ocrx_word' id='word_1_20' title='bbox 2268 654 2706 752; x_wconf 83' lang='lat' dir='ltr'>respondebo,</span> <span class='ocrx_word' id='word_1_21' title='bbox 2735 659 2807 730; x_wconf 87' lang='lat'>&amp;</span> <span class='ocrx_word' id='word_1_22' title='bbox 2827 649 3310 750; x_wconf 84' lang='lat' dir='ltr'>quia&#39;jamsupra</span> <span class='ocrx_word' id='word_1_23' title='bbox 3336 650 3476 719; x_wconf 81' lang='lat' dir='ltr'>satis</span> <span class='ocrx_word' id='word_1_24' title='bbox 3491 648 3740 726; x_wconf 73' lang='lat' dir='ltr'>monui,</span> 
     </span>
    </p>

    <p class='ocr_par' dir='ltr' id='par_1_4' title="bbox 2273 739 3744 853">
     <span class='ocr_line' id='line_1_5' title="bbox 2273 739 3744 853; baseline -0.014 -24"><span class='ocrx_word' id='word_1_25' title='bbox 2273 760 2649 853; x_wconf 85' lang='lat' dir='ltr'>corpuscula</span> <span class='ocrx_word' id='word_1_26' title='bbox 2663 806 2695 840; x_wconf 78' lang='lat'><strong>,</strong></span> <span class='ocrx_word' id='word_1_27' title='bbox 2729 755 2807 826; x_wconf 90' lang='lat' dir='ltr'>de</span> <span class='ocrx_word' id='word_1_28' title='bbox 2823 756 3046 848; x_wconf 84' lang='lat' dir='ltr'>quibus</span> <span class='ocrx_word' id='word_1_29' title='bbox 3061 755 3202 845; x_wconf 85' lang='lat' dir='ltr'>egi,</span> <span class='ocrx_word' id='word_1_30' title='bbox 3230 770 3385 819; x_wconf 89' lang='lat' dir='ltr'>eum</span> <span class='ocrx_word' id='word_1_31' title='bbox 3402 742 3558 818; x_wconf 89' lang='lat' dir='ltr'>nihil</span> <span class='ocrx_word' id='word_1_32' title='bbox 3574 739 3744 814; x_wconf 79' lang='lat' dir='ltr'>aliud</span> 
     </span>
    </p>

    <p class='ocr_par' dir='ltr' id='par_1_5' title="bbox 2282 839 3755 949">
     <span class='ocr_line' id='line_1_6' title="bbox 2282 839 3755 949; baseline -0.015 -21"><span class='ocrx_word' id='word_1_33' title='bbox 2282 851 2402 928; x_wconf 78' lang='lat' dir='ltr'>sint</span> <span class='ocrx_word' id='word_1_34' title='bbox 2427 878 2616 949; x_wconf 84' lang='lat' dir='ltr'>quam</span> <span class='ocrx_word' id='word_1_35' title='bbox 2632 852 2948 947; x_wconf 68' lang='lat' dir='ltr'>particula</span> <span class='ocrx_word' id='word_1_36' title='bbox 2964 854 3102 942; x_wconf 87' lang='lat' dir='ltr'>ejus</span> <span class='ocrx_word' id='word_1_37' title='bbox 3118 839 3419 930; x_wconf 63' lang='lat' dir='ltr'>materiai,</span> <span class='ocrx_word' id='word_1_38' title='bbox 3434 864 3555 938; x_wconf 87' lang='lat' dir='ltr'>qua</span> <span class='ocrx_word' id='word_1_39' title='bbox 3568 839 3755 934; x_wconf 77' lang='lat' dir='ltr'>spatia</span> 
     </span>
    </p>

    <p class='ocr_par' dir='ltr' id='par_1_6' title="bbox 2289 947 3752 1040">
     <span class='ocr_line' id='line_1_7' title="bbox 2289 947 3752 1040; baseline -0.012 -17"><span class='ocrx_word' id='word_1_40' title='bbox 2289 959 2511 1026; x_wconf 87' lang='lat' dir='ltr'>omnia</span> <span class='ocrx_word' id='word_1_41' title='bbox 2550 951 2933 1033; x_wconf 84' lang='lat' dir='ltr'>translucida</span> <span class='ocrx_word' id='word_1_42' title='bbox 2962 947 3319 1040; x_wconf 84' lang='lat' dir='ltr'>replentur,</span> <span class='ocrx_word' id='word_1_43' title='bbox 3349 956 3752 1037; x_wconf 84' lang='lat' dir='ltr'>nequaquam</span> 
     </span>
    </p>

    <p class='ocr_par' dir='ltr' id='par_1_7' title="bbox 2290 1037 3749 1143">
     <span class='ocr_line' id='line_1_8' title="bbox 2290 1037 3749 1143; baseline -0.014 -21"><span class='ocrx_word' id='word_1_44' title='bbox 2290 1054 2374 1123; x_wconf 87' lang='lat' dir='ltr'>ab</span> <span class='ocrx_word' id='word_1_45' title='bbox 2390 1050 2564 1123; x_wconf 85' lang='lat' dir='ltr'>astris</span> <span class='ocrx_word' id='word_1_46' title='bbox 2577 1045 2984 1143; x_wconf 78' lang='lat' dir='ltr'>proseminati</span> <span class='ocrx_word' id='word_1_47' title='bbox 2999 1042 3419 1131; x_wconf 79' lang='lat' dir='ltr'>,velexudare</span> <span class='ocrx_word' id='word_1_48' title='bbox 3431 1037 3749 1113; x_wconf 78' lang='lat' dir='ltr'>:nullum-</span> 
     </span>
    </p>

    <p class='ocr_par' dir='ltr' id='par_1_8' title="bbox 1008 1141 3872 2125">
     <span class='ocr_line' id='line_1_9' title="bbox 2104 1141 3751 1243; baseline -0.012 -22"><span class='ocrx_word' id='word_1_49' title='bbox 2104 1199 2112 1242; x_wconf 79' lang='grc'>,.</span> <span class='ocrx_word' id='word_1_50' title='bbox 2291 1172 2410 1243; x_wconf 88' lang='lat' dir='ltr'>que</span> <span class='ocrx_word' id='word_1_51' title='bbox 2425 1145 2542 1218; x_wconf 81' lang='lat' dir='ltr'>effe</span> <span class='ocrx_word' id='word_1_52' title='bbox 2557 1150 2908 1239; x_wconf 76' lang='lat' dir='ltr'>pericutum</span> <span class='ocrx_word' id='word_1_53' title='bbox 2934 1166 3015 1215; x_wconf 91' lang='lat' dir='ltr'>ne</span> <span class='ocrx_word' id='word_1_54' title='bbox 3034 1146 3147 1217; x_wconf 88' lang='lat' dir='ltr'>Sol</span> <span class='ocrx_word' id='word_1_55' title='bbox 3173 1141 3317 1214; x_wconf 85' lang='lat' dir='ltr'>ideo</span> <span class='ocrx_word' id='word_1_56' title='bbox 3334 1152 3751 1213; x_wconf 81' lang='lat' dir='ltr'>extenuetur,</span> 
     </span>
     <span class='ocr_line' id='line_1_10' title="bbox 2096 1233 3872 1340; baseline -0.015 -18"><span class='ocrx_word' id='word_1_57' title='bbox 2096 1268 2100 1296; x_wconf 86' lang='lat'><strong>¹</strong></span> <span class='ocrx_word' id='word_1_58' title='bbox 2168 1243 2176 1262; x_wconf 76' lang='lat'>&#39;</span> <span class='ocrx_word' id='word_1_59' title='bbox 2290 1250 2385 1320; x_wconf 85' lang='lat' dir='ltr'>vel</span> <span class='ocrx_word' id='word_1_60' title='bbox 2398 1268 2477 1315; x_wconf 90' lang='lat' dir='ltr'>ne</span> <span class='ocrx_word' id='word_1_61' title='bbox 2491 1247 2574 1315; x_wconf 91' lang='lat' dir='ltr'>ad</span> <span class='ocrx_word' id='word_1_62' title='bbox 2602 1248 2860 1340; x_wconf 75' lang='lat' dir='ltr'>ineptias</span> <span class='ocrx_word' id='word_1_63' title='bbox 2890 1240 3247 1317; x_wconf 81' lang='lat' dir='ltr'>fabularum</span> <span class='ocrx_word' id='word_1_64' title='bbox 3273 1233 3619 1331; x_wconf 83' lang='lat' dir='ltr'>confugere</span> <span class='ocrx_word' id='word_1_65' title='bbox 3643 1234 3754 1303; x_wconf 82' lang='lat' dir='ltr'>de-</span> <span class='ocrx_word' id='word_1_66' title='bbox 3855 1307 3872 1321; x_wconf 88' lang='lat'><strong>.</strong></span> 
     </span>
     <span class='ocr_line' id='line_1_11' title="bbox 2289 1337 3764 1437; baseline -0.015 -19"><span class='ocrx_word' id='word_1_67' title='bbox 2289 1347 2583 1418; x_wconf 82' lang='lat' dir='ltr'>beamus.</span> <span class='ocrx_word' id='word_1_68' title='bbox 2672 1337 2954 1437; x_wconf 89' lang='lat' dir='ltr'>Superest</span> <span class='ocrx_word' id='word_1_69' title='bbox 2976 1359 3044 1411; x_wconf 90' lang='lat' dir='ltr'>ut</span> <span class='ocrx_word' id='word_1_70' title='bbox 3060 1338 3268 1409; x_wconf 88' lang='lat' dir='ltr'>dicam</span> <span class='ocrx_word' id='word_1_71' title='bbox 3288 1386 3310 1419; x_wconf 92' lang='lat'><strong>,</strong></span> <span class='ocrx_word' id='word_1_72' title='bbox 3337 1352 3644 1429; x_wconf 87' lang='lat' dir='ltr'>quantum</span> <span class='ocrx_word' id='word_1_73' title='bbox 3657 1346 3764 1424; x_wconf 31' lang='lat' dir='ltr'>at·-</span> 
     </span>
     <span class='ocr_line' id='line_1_12' title="bbox 2293 1434 3750 1534; baseline -0.012 -22"><span class='ocrx_word' id='word_1_74' title='bbox 2293 1447 2451 1514; x_wconf 89' lang='lat' dir='ltr'>tinet</span> <span class='ocrx_word' id='word_1_75' title='bbox 2479 1442 2561 1513; x_wconf 88' lang='lat' dir='ltr'>ad</span> <span class='ocrx_word' id='word_1_76' title='bbox 2600 1438 2795 1534; x_wconf 84' lang='lat' dir='ltr'>ipsam</span> <span class='ocrx_word' id='word_1_77' title='bbox 2821 1442 3064 1521; x_wconf 87' lang='lat' dir='ltr'>lucem,</span> <span class='ocrx_word' id='word_1_78' title='bbox 3094 1440 3222 1507; x_wconf 87' lang='lat' dir='ltr'>hoc</span> <span class='ocrx_word' id='word_1_79' title='bbox 3255 1434 3346 1504; x_wconf 87' lang='lat' dir='ltr'>est</span> <span class='ocrx_word' id='word_1_80' title='bbox 3369 1436 3450 1505; x_wconf 87' lang='lat' dir='ltr'>ad</span> <span class='ocrx_word' id='word_1_81' title='bbox 3475 1435 3609 1501; x_wconf 85' lang='lat' dir='ltr'>vim</span> <span class='ocrx_word' id='word_1_82' title='bbox 3641 1446 3750 1517; x_wconf 85' lang='lat' dir='ltr'>per</span> 
     </span>
     <span class='ocr_line' id='line_1_13' title="bbox 2295 1523 3757 1634; baseline -0.012 -24"><span class='ocrx_word' id='word_1_83' title='bbox 2295 1562 2492 1634; x_wconf 88' lang='lat' dir='ltr'>quam</span> <span class='ocrx_word' id='word_1_84' title='bbox 2516 1543 2727 1612; x_wconf 89' lang='lat' dir='ltr'>lucida</span> <span class='ocrx_word' id='word_1_85' title='bbox 2749 1559 3019 1629; x_wconf 83' lang='lat' dir='ltr'>corpora</span> <span class='ocrx_word' id='word_1_86' title='bbox 3058 1532 3392 1605; x_wconf 80' lang='lat' dir='ltr'>materiam</span> <span class='ocrx_word' id='word_1_87' title='bbox 3428 1523 3757 1601; x_wconf 79' lang='lat' dir='ltr'>coelestem</span> 
     </span>
     <span class='ocr_line' id='line_1_14' title="bbox 2294 1624 3756 1732; baseline -0.012 -24"><span class='ocrx_word' id='word_1_88' title='bbox 2294 1641 2792 1732; x_wconf 82' lang='lat' dir='ltr'>circumquaque</span> <span class='ocrx_word' id='word_1_89' title='bbox 2853 1633 2893 1705; x_wconf 67' lang='grc' dir='ltr'>ὲ</span> <span class='ocrx_word' id='word_1_90' title='bbox 2935 1629 2994 1703; x_wconf 89' lang='lat' dir='ltr'>se</span> <span class='ocrx_word' id='word_1_91' title='bbox 3016 1630 3343 1724; x_wconf 82' lang='lat' dir='ltr'>expellunt</span> <span class='ocrx_word' id='word_1_92' title='bbox 3370 1677 3395 1711; x_wconf 89' lang='lat'>‚</span> <span class='ocrx_word' id='word_1_93' title='bbox 3425 1648 3531 1696; x_wconf 90' lang='lat' dir='ltr'>me</span> <span class='ocrx_word' id='word_1_94' title='bbox 3576 1624 3756 1695; x_wconf 84' lang='lat' dir='ltr'>illam</span> 
     </span>
     <span class='ocr_line' id='line_1_15' title="bbox 1008 1722 3748 1843; baseline -0.011 -24"><span class='ocrx_word' id='word_1_95' title='bbox 1008 1748 1218 1843; x_wconf 75' lang='lat' dir='ltr'>qualis</span> <span class='ocrx_word' id='word_1_96' title='bbox 1232 1738 1304 1817; x_wconf 80' lang='lat' dir='ltr'>fit</span> <span class='ocrx_word' id='word_1_97' title='bbox 1327 1766 1446 1829; x_wconf 80' lang='lat' dir='ltr'>nec</span> <span class='ocrx_word' id='word_1_98' title='bbox 1459 1746 1522 1814; x_wconf 87' lang='lat' dir='ltr'>in</span> <span class='ocrx_word' id='word_1_99' title='bbox 1533 1744 1860 1834; x_wconf 81' lang='lat' dir='ltr'>Dioptrica</span> <span class='ocrx_word' id='word_1_100' title='bbox 1884 1762 2000 1809; x_wconf 85' lang='lat' dir='ltr'>nos</span> <span class='ocrx_word' id='word_1_101' title='bbox 2019 1739 2086 1808; x_wconf 88' lang='lat' dir='ltr'>in</span> <span class='ocrx_word' id='word_1_102' title='bbox 2105 1740 2417 1809; x_wconf 77' lang='lat' dir='ltr'>Meteoris</span> <span class='ocrx_word' id='word_1_103' title='bbox 2431 1734 2735 1829; x_wconf 81' lang='lat' dir='ltr'>explicate</span> <span class='ocrx_word' id='word_1_104' title='bbox 2751 1726 3347 1824; x_wconf 80' lang='lat' dir='ltr'>voluiffe‚quoniam</span> <span class='ocrx_word' id='word_1_105' title='bbox 3364 1727 3561 1797; x_wconf 86' lang='lat' dir='ltr'>alium</span> <span class='ocrx_word' id='word_1_106' title='bbox 3581 1727 3637 1791; x_wconf 89' lang='lat' dir='ltr'>ei</span> <span class='ocrx_word' id='word_1_107' title='bbox 3649 1722 3748 1790; x_wconf 87' lang='lat'>10-</span> 
     </span>
     <span class='ocr_line' id='line_1_16' title="bbox 1014 1821 3757 1934; baseline -0.009 -22"><span class='ocrx_word' id='word_1_108' title='bbox 1014 1866 1171 1916; x_wconf 87' lang='lat' dir='ltr'>cum</span> <span class='ocrx_word' id='word_1_109' title='bbox 1202 1841 1387 1927; x_wconf 88' lang='lat' dir='ltr'>dedi;</span> <span class='ocrx_word' id='word_1_110' title='bbox 1428 1862 1633 1934; x_wconf 85' lang='lat' dir='ltr'>neque</span> <span class='ocrx_word' id='word_1_111' title='bbox 1647 1840 2005 1910; x_wconf 84' lang='lat' dir='ltr'>obmetum</span> <span class='ocrx_word' id='word_1_112' title='bbox 2035 1857 2232 1927; x_wconf 86' lang='lat' dir='ltr'>quem</span> <span class='ocrx_word' id='word_1_113' title='bbox 2251 1836 2339 1903; x_wconf 88' lang='lat' dir='ltr'>D.</span> <span class='ocrx_word' id='word_1_114' title='bbox 2360 1834 2554 1905; x_wconf 86' lang='lat' dir='ltr'>vestra</span> <span class='ocrx_word' id='word_1_115' title='bbox 2582 1830 2640 1902; x_wconf 87' lang='lat' dir='ltr'>se</span> <span class='ocrx_word' id='word_1_116' title='bbox 2655 1833 2883 1903; x_wconf 84' lang='lat' dir='ltr'>habete</span> <span class='ocrx_word' id='word_1_117' title='bbox 2911 1830 3097 1905; x_wconf 84' lang='lat' dir='ltr'>dicit,</span> <span class='ocrx_word' id='word_1_118' title='bbox 3123 1824 3458 1898; x_wconf 79' lang='lat' dir='ltr'>scilicetne</span> <span class='ocrx_word' id='word_1_119' title='bbox 3487 1821 3757 1918; x_wconf 84' lang='lat' dir='ltr'>qualita-</span> 
     </span>
     <span class='ocr_line' id='line_1_17' title="bbox 1019 1917 3755 2025; baseline -0.01 -14"><span class='ocrx_word' id='word_1_120' title='bbox 1019 1961 1118 2011; x_wconf 87' lang='lat' dir='ltr'>tes</span> <span class='ocrx_word' id='word_1_121' title='bbox 1154 1962 1388 2014; x_wconf 84' lang='lat' dir='ltr'>omnes</span> <span class='ocrx_word' id='word_1_122' title='bbox 1422 1989 1447 2024; x_wconf 87' lang='lat'>,</span> <span class='ocrx_word' id='word_1_123' title='bbox 1501 1939 1576 2008; x_wconf 74' lang='lat'>&amp;-</span> <span class='ocrx_word' id='word_1_124' title='bbox 1617 1932 1862 2004; x_wconf 81' lang='lat' dir='ltr'>formas</span> <span class='ocrx_word' id='word_1_125' title='bbox 1892 1982 1914 2017; x_wconf 89' lang='lat'><strong>,</strong></span> <span class='ocrx_word' id='word_1_126' title='bbox 1955 1930 1998 2002; x_wconf 72' lang='grc' dir='ltr'>ἓι</span> <span class='ocrx_word' id='word_1_127' title='bbox 2026 1934 2254 2025; x_wconf 82' lang='lat' dir='ltr'>quibus</span> <span class='ocrx_word' id='word_1_128' title='bbox 2321 1932 2626 2003; x_wconf 79' lang='lat' dir='ltr'>abhorreo</span> <span class='ocrx_word' id='word_1_129' title='bbox 2652 1978 2676 2013; x_wconf 86' lang='lat'>‚</span> <span class='ocrx_word' id='word_1_130' title='bbox 2723 1949 2858 2000; x_wconf 92' lang='lat' dir='ltr'>non</span> <span class='ocrx_word' id='word_1_131' title='bbox 2910 1917 3211 2020; x_wconf 80' lang='lat' dir='ltr'>effugiam</span> <span class='ocrx_word' id='word_1_132' title='bbox 3249 1974 3272 2005; x_wconf 90' lang='lat'>,</span> <span class='ocrx_word' id='word_1_133' title='bbox 3322 1923 3402 1991; x_wconf 89' lang='lat' dir='ltr'>ab</span> <span class='ocrx_word' id='word_1_134' title='bbox 3469 1920 3755 1991; x_wconf 77' lang='lat' dir='ltr'>institute</span> 
     </span>
     <span class='ocr_line' id='line_1_18' title="bbox 1021 2016 3763 2125; baseline -0.011 -15"><span class='ocrx_word' id='word_1_135' title='bbox 1021 2058 1174 2110; x_wconf 85' lang='lat' dir='ltr'>meo</span> <span class='ocrx_word' id='word_1_136' title='bbox 1188 2059 1296 2108; x_wconf 87' lang='lat' dir='ltr'>me</span> <span class='ocrx_word' id='word_1_137' title='bbox 1311 2039 1639 2109; x_wconf 81' lang='lat' dir='ltr'>dimoveri.</span> <span class='ocrx_word' id='word_1_138' title='bbox 1685 2034 1771 2104; x_wconf 84' lang='lat' dir='ltr'>Et</span> <span class='ocrx_word' id='word_1_139' title='bbox 1789 2050 2090 2125; x_wconf 87' lang='lat' dir='ltr'>quantum</span> <span class='ocrx_word' id='word_1_140' title='bbox 2107 2035 2327 2102; x_wconf 76' lang='lat' dir='ltr'>attinet</span> <span class='ocrx_word' id='word_1_141' title='bbox 2345 2030 2420 2099; x_wconf 91' lang='lat' dir='ltr'>ad</span> <span class='ocrx_word' id='word_1_142' title='bbox 2437 2034 2719 2102; x_wconf 79' lang='lat' dir='ltr'>colorem</span> <span class='ocrx_word' id='word_1_143' title='bbox 2733 2026 2918 2099; x_wconf 69' lang='lat' dir='ltr'>stellae</span> <span class='ocrx_word' id='word_1_144' title='bbox 2933 2048 3068 2119; x_wconf 80' lang='lat' dir='ltr'>quoe</span> <span class='ocrx_word' id='word_1_145' title='bbox 3087 2020 3172 2092; x_wconf 83' lang='lat' dir='ltr'>est</span> <span class='ocrx_word' id='word_1_146' title='bbox 3199 2028 3265 2093; x_wconf 90' lang='lat' dir='ltr'>in</span> <span class='ocrx_word' id='word_1_147' title='bbox 3278 2016 3514 2091; x_wconf 81' lang='lat' dir='ltr'>finistro</span> <span class='ocrx_word' id='word_1_148' title='bbox 3529 2018 3763 2085; x_wconf 78' lang='lat' dir='ltr'>hume-</span> 
     </span>
    </p>
   </div>
   <div class='ocr_carea' id='block_1_3' title="bbox 1159 879 2168 1668">
    <p class='ocr_par' dir='ltr' id='par_1_9' title="bbox 1159 879 2168 1668">
     <span class='ocr_line' id='line_1_19' title="bbox 1159 879 2168 1668; baseline 0 3382"><span class='ocrx_word' id='word_1_149' title='bbox 1159 879 2168 1668; x_wconf 95' lang='lat' dir='ltr'> </span> 
     </span>
    </p>
   </div>
   <div class='ocr_carea' id='block_1_4' title="bbox 4138 289 4140 1186">
    <p class='ocr_par' dir='ltr' id='par_1_10' title="bbox 4138 289 4140 1186">
     <span class='ocr_line' id='line_1_20' title="bbox 4138 289 4140 1186; baseline 0 0"><span class='ocrx_word' id='word_1_150' title='bbox 4138 289 4140 1186; x_wconf 95' lang='lat' dir='ltr'> </span> 
     </span>
    </p>
   </div>
   <div class='ocr_carea' id='block_1_5' title="bbox 878 2117 3923 2325">
    <p class='ocr_par' dir='ltr' id='par_1_11' title="bbox 878 2117 3923 2325">
     <span class='ocr_line' id='line_1_21' title="bbox 1021 2117 3923 2216; baseline -0.011 -6"><span class='ocrx_word' id='word_1_151' title='bbox 1021 2157 1099 2205; x_wconf 80' lang='lat' dir='ltr'>ro</span> <span class='ocrx_word' id='word_1_152' title='bbox 1140 2137 1415 2208; x_wconf 88' lang='lat' dir='ltr'>Orionis</span> <span class='ocrx_word' id='word_1_153' title='bbox 1448 2182 1467 2213; x_wconf 80' lang='lat'>‚</span> <span class='ocrx_word' id='word_1_154' title='bbox 1508 2132 1609 2204; x_wconf 88' lang='lat' dir='ltr'>vel</span> <span class='ocrx_word' id='word_1_155' title='bbox 1642 2134 1945 2211; x_wconf 84' lang='lat' dir='ltr'>aliarum,</span> <span class='ocrx_word' id='word_1_156' title='bbox 2000 2121 2350 2216; x_wconf 80' lang='lat' dir='ltr'>respondeo</span> <span class='ocrx_word' id='word_1_157' title='bbox 2392 2150 2527 2198; x_wconf 85' lang='lat' dir='ltr'>non</span> <span class='ocrx_word' id='word_1_158' title='bbox 2557 2117 2691 2196; x_wconf 71' lang='lat' dir='ltr'>‘esse</span> <span class='ocrx_word' id='word_1_159' title='bbox 2740 2125 3042 2194; x_wconf 84' lang='lat' dir='ltr'>ruborem</span> <span class='ocrx_word' id='word_1_160' title='bbox 3089 2120 3364 2191; x_wconf 76' lang='lat' dir='ltr'>similem</span> <span class='ocrx_word' id='word_1_161' title='bbox 3397 2120 3490 2197; x_wconf 89' lang='lat' dir='ltr'>ei,</span> <span class='ocrx_word' id='word_1_162' title='bbox 3567 2117 3628 2186; x_wconf 89' lang='lat' dir='ltr'>ui</span> <span class='ocrx_word' id='word_1_163' title='bbox 3654 2131 3760 2202; x_wconf 88' lang='lat' dir='ltr'>per</span> <span class='ocrx_word' id='word_1_164' title='bbox 3808 2185 3847 2197; x_wconf 62' lang='lat'>„.</span> <span class='ocrx_word' id='word_1_165' title='bbox 3913 2153 3923 2159; x_wconf 81' lang='lat'>-</span> 
     </span>
     <span class='ocr_line' id='line_1_22' title="bbox 878 2214 3764 2325; baseline -0.006 -29"><span class='ocrx_word' id='word_1_166' title='bbox 878 2292 885 2296; x_wconf 83' lang='lat'><em>.</em></span> <span class='ocrx_word' id='word_1_167' title='bbox 915 2238 925 2257; x_wconf 73' lang='lat'><em>³</em></span> <span class='ocrx_word' id='word_1_168' title='bbox 985 2311 989 2315; x_wconf 3' lang='lat' dir='ltr'>p</span> <span class='ocrx_word' id='word_1_169' title='bbox 1024 2226 1252 2325; x_wconf 84' lang='lat' dir='ltr'>prisma</span> <span class='ocrx_word' id='word_1_170' title='bbox 1270 2234 1546 2301; x_wconf 81' lang='lat' dir='ltr'>vitreum</span> <span class='ocrx_word' id='word_1_171' title='bbox 1560 2221 1977 2318; x_wconf 81' lang='lat' dir='ltr'>apparet‚sed</span> <span class='ocrx_word' id='word_1_172' title='bbox 2013 2223 2474 2294; x_wconf 82' lang='lat' dir='ltr'>tantummodo</span> <span class='ocrx_word' id='word_1_173' title='bbox 2490 2225 2821 2317; x_wconf 83' lang='lat' dir='ltr'>fulgorem</span> <span class='ocrx_word' id='word_1_174' title='bbox 2846 2215 3389 2315; x_wconf 73' lang='lat' dir='ltr'>quemdamlucis</span> <span class='ocrx_word' id='word_1_175' title='bbox 3403 2214 3529 2285; x_wconf 88' lang='lat' dir='ltr'>den</span> <span class='ocrx_word' id='word_1_176' title='bbox 3553 2229 3764 2282; x_wconf 76' lang='lat' dir='ltr'>iorem</span> 
     </span>
    </p>
   </div>
   <div class='ocr_carea' id='block_1_6' title="bbox 959 2304 3786 4274">
    <p class='ocr_par' dir='ltr' id='par_1_12' title="bbox 1021 2304 3774 3295">
     <span class='ocr_line' id='line_1_23' title="bbox 1028 2304 3764 2423; baseline -0.009 -24"><span class='ocrx_word' id='word_1_177' title='bbox 1028 2318 1221 2423; x_wconf 77' lang='lat' dir='ltr'>qua&#39;m</span> <span class='ocrx_word' id='word_1_178' title='bbox 1244 2322 1317 2399; x_wconf 79' lang='lat' dir='ltr'>fit</span> <span class='ocrx_word' id='word_1_179' title='bbox 1334 2328 1435 2399; x_wconf 86' lang='lat' dir='ltr'>ille</span> <span class='ocrx_word' id='word_1_180' title='bbox 1452 2325 1558 2418; x_wconf 84' lang='lat' dir='ltr'>qui</span> <span class='ocrx_word' id='word_1_181' title='bbox 1574 2327 1640 2395; x_wconf 91' lang='lat' dir='ltr'>in</span> <span class='ocrx_word' id='word_1_182' title='bbox 1658 2325 1895 2394; x_wconf 83' lang='lat' dir='ltr'>caeteris</span> <span class='ocrx_word' id='word_1_183' title='bbox 1910 2317 2077 2393; x_wconf 79' lang='lat' dir='ltr'>astris</span> <span class='ocrx_word' id='word_1_184' title='bbox 2091 2326 2414 2412; x_wconf 88' lang='lat' dir='ltr'>reperitur.</span> <span class='ocrx_word' id='word_1_185' title='bbox 2438 2313 2735 2394; x_wconf 70' lang='lat' dir='ltr'>‘Colores</span> <span class='ocrx_word' id='word_1_186' title='bbox 2754 2338 2967 2392; x_wconf 87' lang='lat' dir='ltr'>autem</span> <span class='ocrx_word' id='word_1_187' title='bbox 2984 2339 3127 2387; x_wconf 87' lang='lat' dir='ltr'>vere</span> <span class='ocrx_word' id='word_1_188' title='bbox 3152 2311 3389 2387; x_wconf 66' lang='lat' dir='ltr'>tinctos</span> <span class='ocrx_word' id='word_1_189' title='bbox 3407 2312 3488 2382; x_wconf 87' lang='lat'>.&amp;</span> <span class='ocrx_word' id='word_1_190' title='bbox 3523 2304 3764 2378; x_wconf 84' lang='lat' dir='ltr'>saturos</span> 
     </span>
     <span class='ocr_line' id='line_1_24' title="bbox 1028 2410 3765 2511; baseline -0.01 -12"><span class='ocrx_word' id='word_1_191' title='bbox 1028 2425 1317 2499; x_wconf 82' lang='lat' dir='ltr'>videmus</span> <span class='ocrx_word' id='word_1_192' title='bbox 1330 2424 1623 2495; x_wconf 85' lang='lat' dir='ltr'>nonnihil</span> <span class='ocrx_word' id='word_1_193' title='bbox 1650 2422 1958 2491; x_wconf 87' lang='lat' dir='ltr'>imminui</span> <span class='ocrx_word' id='word_1_194' title='bbox 1986 2422 2073 2489; x_wconf 88' lang='lat' dir='ltr'>ob</span> <span class='ocrx_word' id='word_1_195' title='bbox 2085 2419 2572 2511; x_wconf 86' lang='lat' dir='ltr'>longitudinem</span> <span class='ocrx_word' id='word_1_196' title='bbox 2610 2418 2910 2490; x_wconf 85' lang='lat' dir='ltr'>distantiae</span> <span class='ocrx_word' id='word_1_197' title='bbox 2931 2463 2950 2490; x_wconf 74' lang='lat'><em>2</em></span> <span class='ocrx_word' id='word_1_198' title='bbox 2975 2410 3322 2506; x_wconf 70' lang='lat' dir='ltr'>sensimque</span> <span class='ocrx_word' id='word_1_199' title='bbox 3350 2415 3416 2481; x_wconf 88' lang='lat' dir='ltr'>in</span> <span class='ocrx_word' id='word_1_200' title='bbox 3437 2411 3765 2479; x_wconf 86' lang='lat' dir='ltr'>dilutiores</span> 
     </span>
     <span class='ocr_line' id='line_1_25' title="bbox 1027 2507 3767 2613; baseline -0.008 -17"><span class='ocrx_word' id='word_1_201' title='bbox 1027 2524 1287 2605; x_wconf 75' lang='lat' dir='ltr'>mutati,</span> <span class='ocrx_word' id='word_1_202' title='bbox 1323 2542 1391 2594; x_wconf 89' lang='lat' dir='ltr'>ut</span> <span class='ocrx_word' id='word_1_203' title='bbox 1421 2520 1692 2613; x_wconf 67' lang='lat' dir='ltr'>pictores</span> <span class='ocrx_word' id='word_1_204' title='bbox 1704 2539 1944 2589; x_wconf 81' lang='lat' dir='ltr'>omnes</span> <span class='ocrx_word' id='word_1_205' title='bbox 1964 2512 2483 2590; x_wconf 77' lang='lat' dir='ltr'>satisobservant.</span> <span class='ocrx_word' id='word_1_206' title='bbox 2505 2507 2755 2612; x_wconf 59' lang='lat' dir='ltr'>‘Neque</span> <span class='ocrx_word' id='word_1_207' title='bbox 2770 2538 2987 2587; x_wconf 86' lang='lat' dir='ltr'>tamen</span> <span class='ocrx_word' id='word_1_208' title='bbox 3004 2512 3147 2584; x_wconf 87' lang='lat' dir='ltr'>ideo</span> <span class='ocrx_word' id='word_1_209' title='bbox 3166 2513 3435 2604; x_wconf 83' lang='lat' dir='ltr'>percipio</span> <span class='ocrx_word' id='word_1_210' title='bbox 3453 2510 3767 2578; x_wconf 85' lang='lat' dir='ltr'>rationem</span> 
     </span>
     <span class='ocr_line' id='line_1_26' title="bbox 1026 2607 3765 2712; baseline -0.008 -20"><span class='ocrx_word' id='word_1_211' title='bbox 1026 2645 1139 2692; x_wconf 86' lang='lat' dir='ltr'>cur</span> <span class='ocrx_word' id='word_1_212' title='bbox 1155 2623 1465 2712; x_wconf 78' lang='lat' dir='ltr'>particulae</span> <span class='ocrx_word' id='word_1_213' title='bbox 1482 2621 1749 2688; x_wconf 75' lang='lat' dir='ltr'>materia:</span> <span class='ocrx_word' id='word_1_214' title='bbox 1765 2613 2015 2687; x_wconf 68' lang='lat' dir='ltr'>caelestis</span> <span class='ocrx_word' id='word_1_215' title='bbox 2031 2619 2120 2687; x_wconf 90' lang='lat' dir='ltr'>D.</span> <span class='ocrx_word' id='word_1_216' title='bbox 2136 2612 2348 2690; x_wconf 86' lang='lat' dir='ltr'>vestrae</span> <span class='ocrx_word' id='word_1_217' title='bbox 2359 2640 2492 2687; x_wconf 88' lang='lat' dir='ltr'>non</span> <span class='ocrx_word' id='word_1_218' title='bbox 2513 2616 2846 2688; x_wconf 87' lang='lat' dir='ltr'>videantur</span> <span class='ocrx_word' id='word_1_219' title='bbox 2862 2635 3035 2705; x_wconf 82' lang='lat' dir='ltr'>aeque</span> <span class='ocrx_word' id='word_1_220' title='bbox 3054 2633 3302 2684; x_wconf 77' lang='lat' dir='ltr'>tenaces</span> <span class='ocrx_word' id='word_1_221' title='bbox 3331 2610 3466 2699; x_wconf 85' lang='lat' dir='ltr'>ejus</span> <span class='ocrx_word' id='word_1_222' title='bbox 3480 2607 3765 2701; x_wconf 85' lang='lat' dir='ltr'>gyratio-</span> 
     </span>
     <span class='ocr_line' id='line_1_27' title="bbox 1028 2699 3764 2816; baseline -0.014 -9"><span class='ocrx_word' id='word_1_223' title='bbox 1028 2722 1215 2789; x_wconf 66' lang='lat' dir='ltr'>¹³3SCX</span> <span class='ocrx_word' id='word_1_224' title='bbox 1235 2719 1617 2812; x_wconf 81' lang='lat' dir='ltr'>quacolores</span> <span class='ocrx_word' id='word_1_225' title='bbox 1650 2715 1974 2792; x_wconf 88' lang='lat' dir='ltr'>oriuntur,</span> <span class='ocrx_word' id='word_1_226' title='bbox 1998 2734 2193 2816; x_wconf 64' lang='lat' dir='ltr'>fluam</span> <span class='ocrx_word' id='word_1_227' title='bbox 2225 2712 2408 2806; x_wconf 79' lang='lat' dir='ltr'>ipfius</span> <span class='ocrx_word' id='word_1_228' title='bbox 2439 2730 2659 2785; x_wconf 81' lang='lat' dir='ltr'>motus</span> <span class='ocrx_word' id='word_1_229' title='bbox 2690 2708 2942 2794; x_wconf 66' lang='lat' dir='ltr'>dir&#39;eeii,</span> <span class='ocrx_word' id='word_1_230' title='bbox 2977 2716 3041 2781; x_wconf 93' lang='lat' dir='ltr'>in</span> <span class='ocrx_word' id='word_1_231' title='bbox 3075 2732 3206 2804; x_wconf 89' lang='lat' dir='ltr'>quo</span> <span class='ocrx_word' id='word_1_232' title='bbox 3225 2711 3442 2778; x_wconf 82' lang='lat' dir='ltr'>lumen</span> <span class='ocrx_word' id='word_1_233' title='bbox 3461 2699 3764 2783; x_wconf 58' lang='lat' dir='ltr'>consistis</span> 
     </span>
     <span class='ocr_line' id='line_1_28' title="bbox 1028 2803 3770 2908; baseline -0.009 -18"><span class='ocrx_word' id='word_1_234' title='bbox 1028 2839 1204 2908; x_wconf 82' lang='lat' dir='ltr'>aeque</span> <span class='ocrx_word' id='word_1_235' title='bbox 1215 2822 1606 2886; x_wconf 86' lang='lat' dir='ltr'>enimunum</span> <span class='ocrx_word' id='word_1_236' title='bbox 1626 2832 1809 2900; x_wconf 87' lang='lat' dir='ltr'>atque</span> <span class='ocrx_word' id='word_1_237' title='bbox 1827 2809 2090 2878; x_wconf 83' lang='lat' dir='ltr'>alterum</span> <span class='ocrx_word' id='word_1_238' title='bbox 2108 2808 2438 2900; x_wconf 78' lang='lat' dir='ltr'>possumus</span> <span class='ocrx_word' id='word_1_239' title='bbox 2453 2808 2675 2901; x_wconf 68' lang='lat' dir='ltr'>assequi</span> <span class='ocrx_word' id='word_1_240' title='bbox 2696 2812 3112 2903; x_wconf 82' lang='lat' dir='ltr'>cogitatione:</span> <span class='ocrx_word' id='word_1_241' title='bbox 3145 2803 3295 2875; x_wconf 65' lang='lat' dir='ltr'>nibil</span> <span class='ocrx_word' id='word_1_242' title='bbox 3326 2822 3542 2872; x_wconf 86' lang='lat' dir='ltr'>autem</span> <span class='ocrx_word' id='word_1_243' title='bbox 3572 2819 3770 2867; x_wconf 84' lang='lat' dir='ltr'>accu-</span> 
     </span>
     <span class='ocr_line' id='line_1_29' title="bbox 1029 2893 3770 3002; baseline -0.008 -19"><span class='ocrx_word' id='word_1_244' title='bbox 1029 2917 1226 2984; x_wconf 78' lang='lat' dir='ltr'>ratius</span> <span class='ocrx_word' id='word_1_245' title='bbox 1242 2961 1265 2995; x_wconf 89' lang='lat'><strong>,</strong></span> <span class='ocrx_word' id='word_1_246' title='bbox 1281 2909 1401 2985; x_wconf 75' lang='lat' dir='ltr'>sive</span> <span class='ocrx_word' id='word_1_247' title='bbox 1418 2906 1594 3002; x_wconf 87' lang='lat' dir='ltr'>quod</span> <span class='ocrx_word' id='word_1_248' title='bbox 1610 2929 1835 2975; x_wconf 82' lang='lat' dir='ltr'>omnes</span> <span class='ocrx_word' id='word_1_249' title='bbox 1854 2927 2152 2976; x_wconf 85' lang='lat' dir='ltr'>numeros</span> <span class='ocrx_word' id='word_1_250' title='bbox 2170 2908 2647 2978; x_wconf 84' lang='lat' dir='ltr'>Mathematicae</span> <span class='ocrx_word' id='word_1_251' title='bbox 2662 2900 3140 2994; x_wconf 77' lang='lat' dir='ltr'>scrupulositatis</span> <span class='ocrx_word' id='word_1_252' title='bbox 3159 2904 3382 2972; x_wconf 87' lang='lat' dir='ltr'>melius</span> <span class='ocrx_word' id='word_1_253' title='bbox 3413 2898 3714 2987; x_wconf 88' lang='lat' dir='ltr'>impleat,</span> <span class='ocrx_word' id='word_1_254' title='bbox 3732 2893 3770 2964; x_wconf 71' lang='lat' dir='ltr'><strong>i</strong></span> 
     </span>
     <span class='ocr_line' id='line_1_30' title="bbox 1033 2994 3774 3111; baseline -0.014 -11"><span class='ocrx_word' id='word_1_255' title='bbox 1033 3014 1217 3080; x_wconf 60' lang='lat' dir='ltr'>‘101³ss</span> <span class='ocrx_word' id='word_1_256' title='bbox 1233 3011 1475 3100; x_wconf 82' lang='lat' dir='ltr'>cogitat</span> <span class='ocrx_word' id='word_1_257' title='bbox 1480 3010 1497 3075; x_wconf 67' lang='lat' dir='ltr'>i</span> <span class='ocrx_word' id='word_1_258' title='bbox 1524 3025 1831 3111; x_wconf 39' lang='lat' dir='ltr'>[unqua-m</span> <span class='ocrx_word' id='word_1_259' title='bbox 1848 2997 2011 3091; x_wconf 71' lang='lat' dir='ltr'>POffe</span> <span class='ocrx_word' id='word_1_260' title='bbox 2027 3051 2050 3083; x_wconf 74' lang='lat'><em>2</em></span> <span class='ocrx_word' id='word_1_261' title='bbox 2081 3004 2329 3095; x_wconf 62' lang='lat' dir='ltr'>quami</span> <span class='ocrx_word' id='word_1_262' title='bbox 2347 3000 2707 3076; x_wconf 83' lang='lat' dir='ltr'>naturafieri</span> <span class='ocrx_word' id='word_1_263' title='bbox 2729 3002 2917 3074; x_wconf 88' lang='lat' dir='ltr'>solete</span> <span class='ocrx_word' id='word_1_264' title='bbox 2936 3053 2958 3084; x_wconf 89' lang='lat'>‚</span> <span class='ocrx_word' id='word_1_265' title='bbox 2990 3002 3152 3071; x_wconf 87' lang='lat' dir='ltr'>mihi</span> <span class='ocrx_word' id='word_1_266' title='bbox 3184 2994 3542 3094; x_wconf 72' lang='lat' dir='ltr'>persuadeo·</span> <span class='ocrx_word' id='word_1_267' title='bbox 3635 2997 3774 3066; x_wconf 80' lang='lat' dir='ltr'>Cur</span> 
     </span>
     <span class='ocr_line' id='line_1_31' title="bbox 1021 3092 3770 3195; baseline -0.007 -13"><span class='ocrx_word' id='word_1_268' title='bbox 1021 3128 1182 3178; x_wconf 64' lang='lat' dir='ltr'>vvero</span> <span class='ocrx_word' id='word_1_269' title='bbox 1202 3128 1307 3195; x_wconf 87' lang='lat' dir='ltr'>per</span> <span class='ocrx_word' id='word_1_270' title='bbox 1326 3106 1466 3175; x_wconf 86' lang='lat' dir='ltr'>vitri</span> <span class='ocrx_word' id='word_1_271' title='bbox 1482 3098 1868 3189; x_wconf 76' lang='lat' dir='ltr'>superficiem</span> <span class='ocrx_word' id='word_1_272' title='bbox 1883 3103 2127 3194; x_wconf 77' lang='lat' dir='ltr'>gyratio</span> <span class='ocrx_word' id='word_1_273' title='bbox 2157 3104 2292 3176; x_wconf 82' lang='lat' dir='ltr'>haec</span> <span class='ocrx_word' id='word_1_274' title='bbox 2319 3123 2600 3175; x_wconf 87' lang='lat' dir='ltr'>mutetur</span> <span class='ocrx_word' id='word_1_275' title='bbox 2624 3153 2654 3186; x_wconf 83' lang='lat'><em>‚</em></span> <span class='ocrx_word' id='word_1_276' title='bbox 2703 3106 2917 3194; x_wconf 81' lang='lat' dir='ltr'>jamin</span> <span class='ocrx_word' id='word_1_277' title='bbox 2936 3103 3250 3172; x_wconf 82' lang='lat' dir='ltr'>Meteoris</span> <span class='ocrx_word' id='word_1_278' title='bbox 3262 3097 3552 3188; x_wconf 84' lang='lat' dir='ltr'>explicui,</span> <span class='ocrx_word' id='word_1_279' title='bbox 3570 3094 3642 3165; x_wconf 86' lang='lat'>&amp;</span> <span class='ocrx_word' id='word_1_280' title='bbox 3658 3092 3770 3164; x_wconf 80' lang='lat' dir='ltr'>ad-</span> 
     </span>
     <span class='ocr_line' id='line_1_32' title="bbox 1032 3194 1883 3295; baseline -0.013 -17"><span class='ocrx_word' id='word_1_281' title='bbox 1032 3209 1159 3278; x_wconf 75' lang='lat' dir='ltr'>huc</span> <span class='ocrx_word' id='word_1_282' title='bbox 1178 3204 1446 3295; x_wconf 78' lang='lat' dir='ltr'>apertius</span> <span class='ocrx_word' id='word_1_283' title='bbox 1466 3194 1625 3270; x_wconf 82' lang='lat' dir='ltr'>infra</span> <span class='ocrx_word' id='word_1_284' title='bbox 1653 3197 1883 3268; x_wconf 80' lang='lat' dir='ltr'>dicam.</span> 
     </span>
    </p>

    <p class='ocr_par' dir='ltr' id='par_1_13' title="bbox 959 3291 3786 4173">
     <span class='ocr_line' id='line_1_33' title="bbox 1126 3291 3773 3393; baseline -0.011 -6"><span class='ocrx_word' id='word_1_285' title='bbox 1126 3306 1343 3374; x_wconf 69' lang='lat' dir='ltr'>Venio</span> <span class='ocrx_word' id='word_1_286' title='bbox 1360 3294 1625 3369; x_wconf 67' lang='lat' dir='ltr'>nuncad</span> <span class='ocrx_word' id='word_1_287' title='bbox 1650 3296 1955 3367; x_wconf 74' lang='lat' dir='ltr'>Ultimum</span> <span class='ocrx_word' id='word_1_288' title='bbox 1983 3317 2435 3389; x_wconf 75' lang='lat' dir='ltr'>argumentum</span> <span class='ocrx_word' id='word_1_289' title='bbox 2457 3350 2478 3385; x_wconf 92' lang='lat'>,</span> <span class='ocrx_word' id='word_1_290' title='bbox 2503 3324 2632 3393; x_wconf 87' lang='lat' dir='ltr'>quo</span> <span class='ocrx_word' id='word_1_291' title='bbox 2675 3302 2935 3390; x_wconf 82' lang='lat' dir='ltr'>probare</span> <span class='ocrx_word' id='word_1_292' title='bbox 2983 3291 3293 3375; x_wconf 88' lang='lat' dir='ltr'>intendit,</span> <span class='ocrx_word' id='word_1_293' title='bbox 3319 3315 3429 3364; x_wconf 88' lang='lat' dir='ltr'>me</span> <span class='ocrx_word' id='word_1_294' title='bbox 3453 3313 3587 3361; x_wconf 86' lang='lat' dir='ltr'>non</span> <span class='ocrx_word' id='word_1_295' title='bbox 3616 3311 3773 3359; x_wconf 89' lang='lat' dir='ltr'>enu-</span> 
     </span>
     <span class='ocr_line' id='line_1_34' title="bbox 1031 3385 3775 3493; baseline -0.014 1"><span class='ocrx_word' id='word_1_296' title='bbox 1031 3405 1227 3474; x_wconf 58' lang='lat' dir='ltr'>cleate</span> <span class='ocrx_word' id='word_1_297' title='bbox 1245 3403 1405 3471; x_wconf 66' lang='lat' dir='ltr'>Vi‘ffi</span> <span class='ocrx_word' id='word_1_298' title='bbox 1425 3401 1680 3488; x_wconf 82' lang='lat' dir='ltr'>trigono</span> <span class='ocrx_word' id='word_1_299' title='bbox 1699 3396 2117 3486; x_wconf 67' lang='lat' dir='ltr'>applicarema</span> <span class='ocrx_word' id='word_1_300' title='bbox 2143 3424 2272 3492; x_wconf 85' lang='lat' dir='ltr'>quae</span> <span class='ocrx_word' id='word_1_301' title='bbox 2301 3401 2580 3493; x_wconf 83' lang='lat' dir='ltr'>globulis</span> <span class='ocrx_word' id='word_1_302' title='bbox 2606 3401 2685 3468; x_wconf 89' lang='lat' dir='ltr'>ad</span> <span class='ocrx_word' id='word_1_303' title='bbox 2716 3421 2888 3492; x_wconf 84' lang='lat' dir='ltr'>aquae</span> <span class='ocrx_word' id='word_1_304' title='bbox 2922 3393 3322 3484; x_wconf 80' lang='lat' dir='ltr'>superficiem</span> <span class='ocrx_word' id='word_1_305' title='bbox 3354 3385 3590 3478; x_wconf 77' lang='lat' dir='ltr'>anapfis</span> <span class='ocrx_word' id='word_1_306' title='bbox 3618 3385 3775 3456; x_wconf 87' lang='lat' dir='ltr'>con&#39;-</span> 
     </span>
     <span class='ocr_line' id='line_1_35' title="bbox 1032 3489 3781 3593; baseline -0.008 -21"><span class='ocrx_word' id='word_1_307' title='bbox 1032 3506 1269 3592; x_wconf 84' lang='lat' dir='ltr'>tingere</span> <span class='ocrx_word' id='word_1_308' title='bbox 1288 3499 1594 3568; x_wconf 82' lang='lat' dir='ltr'>dixeram.</span> <span class='ocrx_word' id='word_1_309' title='bbox 1627 3490 1735 3559; x_wconf 86' lang='lat' dir='ltr'>Ad</span> <span class='ocrx_word' id='word_1_310' title='bbox 1746 3490 1921 3582; x_wconf 85' lang='lat' dir='ltr'>quod</span> <span class='ocrx_word' id='word_1_311' title='bbox 1936 3489 2234 3566; x_wconf 86' lang='lat' dir='ltr'>facillime</span> <span class='ocrx_word' id='word_1_312' title='bbox 2248 3496 2591 3586; x_wconf 80' lang='lat' dir='ltr'>respondeo</span> <span class='ocrx_word' id='word_1_313' title='bbox 2609 3519 2684 3561; x_wconf 83' lang='lat' dir='ltr'>ex</span> <span class='ocrx_word' id='word_1_314' title='bbox 2704 3519 2844 3587; x_wconf 82' lang='lat' dir='ltr'>pag.</span> <span class='ocrx_word' id='word_1_315' title='bbox 2871 3521 2961 3587; x_wconf 77' lang='lat'>23.</span> <span class='ocrx_word' id='word_1_316' title='bbox 2999 3492 3147 3593; x_wconf 83' lang='lat'>(52)</span> <span class='ocrx_word' id='word_1_317' title='bbox 3166 3491 3562 3575; x_wconf 83' lang='lat' dir='ltr'>Dioprrices&#39;,</span> <span class='ocrx_word' id='word_1_318' title='bbox 3580 3489 3781 3577; x_wconf 85' lang='lat' dir='ltr'>inqua</span> 
     </span>
     <span class='ocr_line' id='line_1_36' title="bbox 1029 3582 3782 3690; baseline -0.006 -22"><span class='ocrx_word' id='word_1_319' title='bbox 1029 3595 1343 3690; x_wconf 83' lang='lat' dir='ltr'>perspicue</span> <span class='ocrx_word' id='word_1_320' title='bbox 1360 3588 1783 3662; x_wconf 87' lang='lat' dir='ltr'>demonstravi</span> <span class='ocrx_word' id='word_1_321' title='bbox 1816 3596 2199 3666; x_wconf 82' lang='lat' dir='ltr'>contrariam</span> <span class='ocrx_word' id='word_1_322' title='bbox 2224 3589 2344 3661; x_wconf 83' lang='lat' dir='ltr'>effe</span> <span class='ocrx_word' id='word_1_323' title='bbox 2380 3599 2692 3663; x_wconf 87' lang='lat' dir='ltr'>rationem</span> <span class='ocrx_word' id='word_1_324' title='bbox 2727 3615 3076 3684; x_wconf 85' lang='lat' dir='ltr'>corporum</span> <span class='ocrx_word' id='word_1_325' title='bbox 3114 3584 3528 3664; x_wconf 80' lang='lat' dir='ltr'>terrestrium,</span> <span class='ocrx_word' id='word_1_326' title='bbox 3561 3582 3782 3677; x_wconf 86' lang='lat' dir='ltr'>quales</span> 
     </span>
     <span class='ocr_line' id='line_1_37' title="bbox 959 3679 3786 3787; baseline -0.015 4"><span class='ocrx_word' id='word_1_327' title='bbox 959 3749 964 3752; x_wconf 49' lang='lat'><strong>⁴</strong></span> <span class='ocrx_word' id='word_1_328' title='bbox 1028 3695 1171 3767; x_wconf 72' lang='lat' dir='ltr'>sunt</span> <span class='ocrx_word' id='word_1_329' title='bbox 1188 3696 1360 3787; x_wconf 66' lang='lat' dir='ltr'>globi</span> <span class='ocrx_word' id='word_1_330' title='bbox 1375 3692 1464 3762; x_wconf 67' lang='lat' dir='ltr'>iffi</span> <span class='ocrx_word' id='word_1_331' title='bbox 1480 3689 1556 3758; x_wconf 60' lang='lat' dir='ltr'>de</span> <span class='ocrx_word' id='word_1_332' title='bbox 1579 3685 1775 3781; x_wconf 61' lang='lat' dir='ltr'>‘luibss’</span> <span class='ocrx_word' id='word_1_333' title='bbox 1791 3690 1858 3756; x_wconf 65' lang='lat'>3¹¹</span> <span class='ocrx_word' id='word_1_334' title='bbox 1878 3709 2020 3783; x_wconf 68' lang='lat' dir='ltr'>Fag-</span> <span class='ocrx_word' id='word_1_335' title='bbox 2036 3693 2171 3779; x_wconf 86' lang='lat'>258.</span> <span class='ocrx_word' id='word_1_336' title='bbox 2186 3689 2360 3780; x_wconf 81' lang='lat'><strong>(¹17)</strong></span> <span class='ocrx_word' id='word_1_337' title='bbox 2377 3697 2654 3763; x_wconf 76' lang='lat' dir='ltr'>Meteor.</span> <span class='ocrx_word' id='word_1_338' title='bbox 2684 3692 2754 3762; x_wconf 74' lang='grc' dir='ltr'>δε</span> <span class='ocrx_word' id='word_1_339' title='bbox 2779 3689 3220 3783; x_wconf 85' lang='lat' dir='ltr'>particularum</span> <span class='ocrx_word' id='word_1_340' title='bbox 3233 3679 3510 3753; x_wconf 81' lang='lat' dir='ltr'>materiae</span> <span class='ocrx_word' id='word_1_341' title='bbox 3532 3701 3667 3770; x_wconf 82' lang='lat' dir='ltr'>quae</span> <span class='ocrx_word' id='word_1_342' title='bbox 3684 3682 3786 3750; x_wconf 86' lang='lat' dir='ltr'>lu-</span> 
     </span>
     <span class='ocr_line' id='line_1_38' title="bbox 1029 3779 3783 3884; baseline -0.013 -4"><span class='ocrx_word' id='word_1_343' title='bbox 1029 3817 1183 3865; x_wconf 72' lang='lat' dir='ltr'>men</span> <span class='ocrx_word' id='word_1_344' title='bbox 1199 3787 1555 3864; x_wconf 87' lang='lat' dir='ltr'>transmittit</span> <span class='ocrx_word' id='word_1_345' title='bbox 1564 3789 1731 3881; x_wconf 64' lang='lat' dir='ltr'>{quii</span> <span class='ocrx_word' id='word_1_346' title='bbox 1748 3807 1976 3874; x_wconf 79' lang='lat' dir='ltr'>nempe</span> <span class='ocrx_word' id='word_1_347' title='bbox 1996 3791 2099 3861; x_wconf 89' lang='lat' dir='ltr'>illa</span> <span class='ocrx_word' id='word_1_348' title='bbox 2117 3784 2434 3861; x_wconf 78' lang='lat' dir='ltr'>difficilius</span> <span class='ocrx_word' id='word_1_349' title='bbox 2457 3810 2561 3880; x_wconf 84' lang='lat' dir='ltr'>per</span> <span class='ocrx_word' id='word_1_350' title='bbox 2576 3783 2800 3884; x_wconf 85' lang='lat' dir='ltr'>aquam</span> <span class='ocrx_word' id='word_1_351' title='bbox 2818 3782 3160 3865; x_wconf 88' lang='lat' dir='ltr'>transeunt,</span> <span class='ocrx_word' id='word_1_352' title='bbox 3181 3799 3491 3876; x_wconf 82' lang='lat' dir='ltr'>quamper</span> <span class='ocrx_word' id='word_1_353' title='bbox 3528 3779 3738 3848; x_wconf 69' lang='lat' dir='ltr'>aetem</span> <span class='ocrx_word' id='word_1_354' title='bbox 3758 3826 3783 3859; x_wconf 83' lang='grc'><strong>.</strong></span> 
     </span>
     <span class='ocr_line' id='line_1_39' title="bbox 1029 3873 3785 3980; baseline -0.007 -16"><span class='ocrx_word' id='word_1_355' title='bbox 1029 3895 1125 3962; x_wconf 78' lang='lat' dir='ltr'>hae</span> <span class='ocrx_word' id='word_1_356' title='bbox 1142 3911 1357 3959; x_wconf 79' lang='lat' dir='ltr'>contra</span> <span class='ocrx_word' id='word_1_357' title='bbox 1375 3885 1611 3958; x_wconf 84' lang='lat' dir='ltr'>facilius</span> <span class='ocrx_word' id='word_1_358' title='bbox 1638 3906 1745 3972; x_wconf 83' lang='lat' dir='ltr'>per</span> <span class='ocrx_word' id='word_1_359' title='bbox 1761 3906 1987 3975; x_wconf 86' lang='lat' dir='ltr'>aquam</span> <span class='ocrx_word' id='word_1_360' title='bbox 2010 3943 2022 3961; x_wconf 82' lang='lat'><strong><em>,</em></strong></span> <span class='ocrx_word' id='word_1_361' title='bbox 2048 3889 2118 3959; x_wconf 87' lang='lat'>&amp;</span> <span class='ocrx_word' id='word_1_362' title='bbox 2138 3890 2342 3959; x_wconf 88' lang='lat' dir='ltr'>adhuc</span> <span class='ocrx_word' id='word_1_363' title='bbox 2370 3889 2613 3961; x_wconf 86' lang='lat' dir='ltr'>facilius</span> <span class='ocrx_word' id='word_1_364' title='bbox 2626 3911 2730 3980; x_wconf 86' lang='lat' dir='ltr'>per</span> <span class='ocrx_word' id='word_1_365' title='bbox 2748 3892 2982 3959; x_wconf 88' lang='lat' dir='ltr'>vitrum</span> <span class='ocrx_word' id='word_1_366' title='bbox 2999 3906 3192 3978; x_wconf 86' lang='lat' dir='ltr'>quam</span> <span class='ocrx_word' id='word_1_367' title='bbox 3211 3903 3314 3975; x_wconf 85' lang='lat' dir='ltr'>per</span> <span class='ocrx_word' id='word_1_368' title='bbox 3326 3897 3561 3974; x_wconf 86' lang='lat' dir='ltr'>aquam</span> <span class='ocrx_word' id='word_1_369' title='bbox 3578 3908 3598 3951; x_wconf 73' lang='lat'>2</span> <span class='ocrx_word' id='word_1_370' title='bbox 3627 3873 3785 3946; x_wconf 86' lang='lat' dir='ltr'>inde</span> 
     </span>
     <span class='ocr_line' id='line_1_40' title="bbox 1030 3974 3780 4082; baseline -0.007 -21"><span class='ocrx_word' id='word_1_371' title='bbox 1030 3995 1206 4061; x_wconf 78' lang='lat' dir='ltr'>enim</span> <span class='ocrx_word' id='word_1_372' title='bbox 1226 4004 1362 4076; x_wconf 86' lang='lat' dir='ltr'>pate</span> <span class='ocrx_word' id='word_1_373' title='bbox 1375 4004 1494 4065; x_wconf 88' lang='lat' dir='ltr'>t‚ut</span> <span class='ocrx_word' id='word_1_374' title='bbox 1510 3983 1828 4061; x_wconf 68' lang='lat' dir='ltr'>enucleate</span> <span class='ocrx_word' id='word_1_375' title='bbox 1847 4006 2050 4054; x_wconf 90' lang='lat' dir='ltr'>unum</span> <span class='ocrx_word' id='word_1_376' title='bbox 2068 3987 2246 4057; x_wconf 83' lang='lat' dir='ltr'>alteri</span> <span class='ocrx_word' id='word_1_377' title='bbox 2266 3985 3001 4082; x_wconf 86' lang='lat' dir='ltr'>applicaretur,globulos</span> <span class='ocrx_word' id='word_1_378' title='bbox 3015 4002 3244 4074; x_wconf 86' lang='lat' dir='ltr'>aquam</span> <span class='ocrx_word' id='word_1_379' title='bbox 3259 3974 3590 4047; x_wconf 87' lang='lat' dir='ltr'>subeuntes</span> <span class='ocrx_word' id='word_1_380' title='bbox 3614 3993 3780 4042; x_wconf 87' lang='lat' dir='ltr'>con-</span> 
     </span>
     <span class='ocr_line' id='line_1_41' title="bbox 1029 4054 3777 4173; baseline -0.009 -13"><span class='ocrx_word' id='word_1_381' title='bbox 1029 4088 1174 4162; x_wconf 76' lang='lat' dir='ltr'>ferri</span> <span class='ocrx_word' id='word_1_382' title='bbox 1193 4079 1470 4155; x_wconf 79' lang='lat' dir='ltr'>debuiffe</span> <span class='ocrx_word' id='word_1_383' title='bbox 1485 4102 1636 4150; x_wconf 88' lang='lat' dir='ltr'>cum</span> <span class='ocrx_word' id='word_1_384' title='bbox 1656 4080 1837 4151; x_wconf 88' lang='lat' dir='ltr'>radiis</span> <span class='ocrx_word' id='word_1_385' title='bbox 1862 4078 1900 4148; x_wconf 70' lang='lat' dir='ltr'>a</span> <span class='ocrx_word' id='word_1_386' title='bbox 1923 4086 2085 4153; x_wconf 86' lang='lat' dir='ltr'>vitro</span> <span class='ocrx_word' id='word_1_387' title='bbox 2098 4088 2161 4154; x_wconf 90' lang='lat' dir='ltr'>in</span> <span class='ocrx_word' id='word_1_388' title='bbox 2185 4091 2400 4157; x_wconf 63' lang='lat' dir='ltr'>aetem</span> <span class='ocrx_word' id='word_1_389' title='bbox 2428 4081 3085 4173; x_wconf 77' lang='lat' dir='ltr'>transeuntibuS,quod</span> <span class='ocrx_word' id='word_1_390' title='bbox 3098 4078 3133 4148; x_wconf 75' lang='grc' dir='ltr'>εἰ</span> <span class='ocrx_word' id='word_1_391' title='bbox 3149 4100 3258 4146; x_wconf 89' lang='lat' dir='ltr'>me</span> <span class='ocrx_word' id='word_1_392' title='bbox 3275 4054 3520 4151; x_wconf 64' lang='lat' dir='ltr'>fastum</span> <span class='ocrx_word' id='word_1_393' title='bbox 3535 4070 3777 4156; x_wconf 85' lang='lat' dir='ltr'>est,&amp;c.</span> 
     </span>
    </p>

    <p class='ocr_par' dir='ltr' id='par_1_14' title="bbox 1125 4168 3777 4274">
     <span class='ocr_line' id='line_1_42' title="bbox 1125 4168 3777 4274; baseline -0.01 -23"><span class='ocrx_word' id='word_1_394' title='bbox 1125 4177 1362 4256; x_wconf 84' lang='lat' dir='ltr'>Nolim</span> <span class='ocrx_word' id='word_1_395' title='bbox 1380 4199 1585 4249; x_wconf 88' lang='lat' dir='ltr'>autem</span> <span class='ocrx_word' id='word_1_396' title='bbox 1598 4181 1983 4250; x_wconf 87' lang='lat' dir='ltr'>Dominatio</span> <span class='ocrx_word' id='word_1_397' title='bbox 1996 4181 2310 4256; x_wconf 76' lang='lat' dir='ltr'>vesti-alibi</span> <span class='ocrx_word' id='word_1_398' title='bbox 2354 4178 2705 4274; x_wconf 87' lang='lat' dir='ltr'>petsuadeat</span> <span class='ocrx_word' id='word_1_399' title='bbox 2724 4231 2746 4264; x_wconf 89' lang='lat'>,</span> <span class='ocrx_word' id='word_1_400' title='bbox 2777 4205 2882 4253; x_wconf 87' lang='lat' dir='ltr'>me</span> <span class='ocrx_word' id='word_1_401' title='bbox 2913 4201 3044 4251; x_wconf 89' lang='lat' dir='ltr'>tam</span> <span class='ocrx_word' id='word_1_402' title='bbox 3077 4181 3289 4268; x_wconf 84' lang='lat' dir='ltr'>paucis</span> <span class='ocrx_word' id='word_1_403' title='bbox 3322 4176 3423 4247; x_wconf 81' lang='lat' dir='ltr'>vel</span> <span class='ocrx_word' id='word_1_404' title='bbox 3456 4192 3587 4244; x_wconf 83' lang='lat' dir='ltr'>tam</span> <span class='ocrx_word' id='word_1_405' title='bbox 3626 4168 3777 4238; x_wconf 75' lang='lat' dir='ltr'>levi..</span> 
     </span>
    </p>
   </div>
   <div class='ocr_carea' id='block_1_7' title="bbox 1028 4259 3785 4457">
    <p class='ocr_par' dir='ltr' id='par_1_15' title="bbox 1028 4259 3785 4457">
     <span class='ocr_line' id='line_1_43' title="bbox 1028 4259 3782 4381; baseline -0.008 -23"><span class='ocrx_word' id='word_1_406' title='bbox 1028 4283 1152 4358; x_wconf 79' lang='lat' dir='ltr'>bus</span> <span class='ocrx_word' id='word_1_407' title='bbox 1166 4280 1560 4378; x_wconf 80' lang='lat' dir='ltr'>argumentis</span> <span class='ocrx_word' id='word_1_408' title='bbox 1579 4273 1655 4346; x_wconf 88' lang='lat' dir='ltr'>ad</span> <span class='ocrx_word' id='word_1_409' title='bbox 1676 4296 1774 4361; x_wconf 79' lang='lat' dir='ltr'>ea,</span> <span class='ocrx_word' id='word_1_410' title='bbox 1807 4300 1945 4372; x_wconf 82' lang='lat' dir='ltr'>quae</span> <span class='ocrx_word' id='word_1_411' title='bbox 1970 4276 2208 4374; x_wconf 85' lang='lat' dir='ltr'>scripfi,</span> <span class='ocrx_word' id='word_1_412' title='bbox 2255 4278 2632 4356; x_wconf 83' lang='lat' dir='ltr'>affirmanda</span> <span class='ocrx_word' id='word_1_413' title='bbox 2650 4275 2822 4353; x_wconf 73' lang='lat' dir='ltr'>fuiss&#39;e</span> <span class='ocrx_word' id='word_1_414' title='bbox 2847 4271 3192 4372; x_wconf 85' lang='lat' dir='ltr'>impulsum</span> <span class='ocrx_word' id='word_1_415' title='bbox 3210 4327 3239 4365; x_wconf 83' lang='lat'>,</span> <span class='ocrx_word' id='word_1_416' title='bbox 3263 4296 3333 4346; x_wconf 90' lang='lat' dir='ltr'>ut</span> <span class='ocrx_word' id='word_1_417' title='bbox 3359 4293 3437 4344; x_wconf 83' lang='lat' dir='ltr'>ex</span> <span class='ocrx_word' id='word_1_418' title='bbox 3490 4288 3615 4339; x_wconf 87' lang='lat' dir='ltr'>uno</span> <span class='ocrx_word' id='word_1_419' title='bbox 3644 4259 3782 4381; x_wconf 70' lang='lat' dir='ltr'>solo</span> 
     </span>
     <span class='ocr_line' id='line_1_44' title="bbox 3532 4385 3785 4457; baseline -0.004 -21"><span class='ocrx_word' id='word_1_420' title='bbox 3532 4385 3785 4457; x_wconf 80' lang='lat' dir='ltr'>expen-</span> 
     </span>
    </p>
   </div>
   <div class='ocr_carea' id='block_1_8' title="bbox 4137 2135 4140 3377">
    <p class='ocr_par' dir='ltr' id='par_1_16' title="bbox 4137 2135 4140 3377">
     <span class='ocr_line' id='line_1_45' title="bbox 4137 2135 4140 3377; baseline 0 0"><span class='ocrx_word' id='word_1_421' title='bbox 4137 2135 4140 3377; x_wconf 95' lang='lat' dir='ltr'> </span> 
     </span>
    </p>
   </div>
  </div>
 </body>
</html>
