4367 5050
936 463 1722 541 Evts‘roLAnuM
1799 462 2095 539 rans
2179 460 2237 535 1.
2291 406 2616 569 urm-r.
2696 469 2956 545 tvm.
3068 529 3076 536 .
3246 489 3350 558 131
3469 445 3478 451 ’

618 584 756 663 fido
781 589 919 682 pori
936 587 1337 678 undiquaque
1354 577 1507 651 resti
1535 578 1933 672 reperiantur.
1974 583 2449 655 Verumtamen
2477 579 2526 654 fi
2555 608 2681 657 vox
2703 581 2950 657 testum
2975 594 3112 658 noti
3130 578 3352 660 suma*

618 703 725 755 tur
739 687 1037 775 magisex
1058 684 1299 774 rigore,
1330 700 1525 772 quam
1566 675 1827 750 testatus
1856 677 1993 750 sum
2020 674 2060 747 εὶ
2083 699 2195 748 me
2222 673 2415 764 sumi,
2441 699 2514 752 ut
2541 683 2743 777 liquet
2779 705 2858 753 ex
2890 704 3032 778 pag.
3073 688 3135 760 8.
3166 683 3382 759 lin,e..'

615 801 811 874 atque
827 786 1019 852 etiam
1034 803 1107 848 ex
1122 782 1270 850 loco
1285 827 1310 862 ,
1338 797 1529 870 quem
1554 798 1631 846 cx
1645 796 1786 870 pag.
1801 800 1834 848 1
1850 802 1883 849 2
1906 798 1968 846 ι.
1992 778 2151 847 citas
2165 832 2190 862 ,
2205 779 2315 849 ubi
2330 782 2640 851 nimirum
2656 802 2790 851 non
2802 780 2974 866 dico,
2988 803 3186 872 poros
3198 782 3349 857 istos

618 877 847 949 debere
860 875 977 949 effe
991 874 1262 971 perfeste
1284 872 1489 945 restos
1507 924 1528 958 ,
1558 870 1665 944 sed
1680 870 1883 945 solum
1897 894 2206 970 quantum
2222 880 2554 969 requiritur
2575 928 2596 962 ,
2613 896 2685 950 ut
2700 884 2966 949 materia
2978 875 3219 952 subtilis
3233 893 3347 976 pet
3358 898 3367 913 ‘·

616 973 929 1048 illosfluat
942 976 1178 1070 absque
1195 973 1651 1067 impedimento
1664 1020 1689 1055 ‚
1723 992 1865 1042 rem
1876 971 2073 1044 credo
2085 968 2254 1067 poffe
2279 976 2380 1046 vel
2408 980 2596 1049 unica
2616 979 3092 1070 comparatione
3113 974 3351 1055 satisfi-

452 1158 466 1166 ,
577 1150 582 1155 ,
615 1074 880 1163 lustrari.
927 1076 1204 1164 Conjice
1231 1093 1432 1162 pomo
1467 1070 1574 1143 ver
1594 1067 1748 1161 pilas
1770 1069 1839 1139 in
1876 1089 2043 1154 rete,
2072 1091 2254 1168 atque
2287 1071 2389 1144 illa
2419 1077 2501 1145 ita
2526 1078 2925 1166 comprime,
2957 1072 3094 1144 utst
3115 1096 3348 1154 mutuo

613 1172 1120 1267 contingant,&
1151 1193 1378 1263 corpus
1403 1169 1662 1264 aliquod
1690 1168 1918 1239 durum
1945 1188 2336 1266 componere
2368 1170 2734 1255 videantur,
2763 1173 2991 1244 deinde
3014 1170 3193 1268 super
3214 1176 3350 1250 hoc
3458 1245 3464 1251 ,

614 1293 848 1366 corpus
865 1265 1131 1344 infunde
1147 1268 1427 1341 arenulas
1444 1265 1827 1338 tenuiffimas
1842 1315 1865 1349 ,
1886 1266 2249 1355 cujusmodi
2261 1263 2397 1341 sunt
2409 1269 2527 1340 illae
2543 1271 2778 1366 quibus
2793 1273 2858 1341 in
2875 1266 3343 1362 clepsammidi-

613 1372 670 1442 is
686 1367 1101 1440 conficiendis
1118 1387 1385 1439 utuntur
1408 1413 1435 1447 ,
1459 1363 1536 1435 δε
1549 1361 1790 1436 videbis
1815 1365 2091 1437 demum
2106 1366 2270 1435 banc
2280 1388 2537 1439 arenam
2552 1390 2925 1463 quacunque
2954 1392 3031 1439 ex
3043 1392 3218 1465 parte
3236 1378 3348 1447 in...

610 1465 849 1562 jestam
861 1515 885 1549 ,
923 1462 1166 1559 semper
1183 1458 1686 1554 pertransituram
1700 1480 1915 1534 totum
1930 1459 2092 1535 istud
2102 1485 2335 1556 corpus
2349 1467 2582 1558 absque
2596 1467 3077 1561 impedimento.
3117 1472 3346 1548 Fateor

616 1565 917 1659 equidem
932 1566 1238 1635 durorum
1252 1565 1553 1632 omnium
1568 1581 1912 1651 corporum
1925 1581 2127 1653 partes
2142 1584 2278 1631 non
2296 1556 2413 1635 effe
2426 1584 2775 1655 pomorum
2794 1563 2980 1636 instar
3007 1570 3341 1658 rotundaS,

529 1679 537 1691 ¹
614 1659 718 1733 sed
742 1664 1091 1733 innumeris
1110 1661 1241 1730 aliis
1255 1657 1474 1753 figuris
1487 1658 1751 1751 praeditae
1762 1662 2012 1749 concipi
2042 1654 2292 1749 possunt
2315 1712 2340 1746 ,
2369 1684 2506 1758 quae
2538 1664 2822 1756 partibus
2846 1670 3121 1739 materia
3139 1661 3344 1742 subti-

612 1760 692 1833 lis
712 1762 984 1833 liberum
999 1780 1170 1853 aeque
1190 1761 1434 1830 exitum
1449 1758 1789 1849 praebeant,
1812 1778 1995 1853 atque
2010 1756 2142 1828 haec
2162 1776 2361 1852 poma
2388 1761 2661 1833 arenulis
2691 1763 2844 1841 istis.

704 1888 779 1949 9.
825 1864 893 1929 Si
914 1881 1168 1960 corpora
1195 1857 1409 1926 lucida
1437 1906 1459 1939 ,
1501 1857 1634 1929 &c-

706 1962 893 2057 Resp.
947 1951 1147 2031 Causa
1170 1977 1295 2046 cur
1322 1976 1485 2049 :egre
1512 1956 1948 2047 concipiamus
1968 1952 2366 2048 liquidorum
2391 1975 2738 2049 corporum
2774 1977 2976 2051 partes
3002 1963 3197 2033 varias
3226 1984 3340 2034 em

611 2050 763 2126 dem
781 2077 1075 2147 tempore
1092 2050 1372 2126 astiones
1386 2055 1654 2141 recipere
1670 2047 1876 2148 poste,
1907 2056 2244 2150 variosque
2263 2071 2482 2123 motus
2509 2062 2862 2129 contrarios
2893 2064 3341 2148 transmittere.

615 2151 702 2223 est
724 2154 901 2249 quod
918 2148 1126 2223 afflicti
1160 2148 1467 2223 fuerimus
1481 2151 1801 2221 observare
1818 2198 1841 2232 ,
1867 2170 2098 2242 corpus
2122 2150 2388 2249 aliquod
2406 2150 2638 2224 dutum
2667 2151 2867 2226 versus
2901 2153 3174 2248 aliquam
3199 2181 3344 2249 par-

611 2268 749 2319 tem
767 2270 1025 2319 motum
1044 2297 1067 2331 ‚
1085 2270 1221 2318 non
1244 2244 1407 2337 poffe
1425 2245 1654 2316 eodem
1682 2266 1817 2316 tem
1864 2268 1977 2317 ore
2000 2244 2207 2319 versus
2234 2251 2423 2320 aliam
2448 2257 2715 2326 moveri.
2772 2259 3241 2338 Verumtamen
3271 2257 3340 2329 id

613 2349 683 2424 in
702 2347 821 2416 illis
834 2344 975 2417 fieri
994 2342 1401 2414 certiffimum
1422 2340 1509 2415 est
1523 2370 1544 2425 ;
1564 2365 1763 2437 neque
1776 2262 1865 2416 οξ
1880 2337 2288 2425 difficilehoc
2318 2350 2575 2434 experiri
2607 2354 2672 2418 in
2703 2352 2959 2422 duobus
2989 2341 3109 2434 aut'
3136 2353 3342 2425 tribus

607 2445 785 2524 ¹tubis
806 2492 826 2524 ‚
850 2468 948 2514 ex.
967 2464 1063 2514 ea.
1083 2444 1223 2512 AC
1247 2485 1269 2519 ‚
1299 2443 1351 2510 B
1370 2442 1439 2510 D
1457 2487 1478 2519 ,
1502 2441 1549 2508 F
1565 2443 1963 2536 G,quorum
1992 2440 2304 2534 aqualem
2315 2437 2434 2511 effe
2456 2441 2838 2520 diametrum
2855 2435 3141 2546 suppo'no
3157 2497 3178 2532 ,
3195 2454 3338 2545 qui-
3395 2445 3407 2456 ’

614 2563 741 2634 que
763 2544 784 2610 i
788 2561 848 2609 ta
863 2537 1007 2612 sunt
1023 2532 1390 2609 decussatim
1409 2533 1585 2630 pofiti
1598 2589 1621 2622 ,
1638 2556 1706 2606 ut
1720 2534 1986 2630 spatium
2006 2542 2073 2609 in
2089 2534 2313 2607 medio
3061 2584 3070 2588 -

608 2640 669 2712 E
684 2689 706 2723 ‚
741 2640 941 2710 tribus
972 2637 1095 2710 illis
1138 2655 1483 2707 commune
1498 2630 1573 2702 fit
1589 2681 1613 2716 ,
1654 2656 1776 2704 nec
1811 2653 2035 2705 tamen
2073 2636 2314 2724 majus,

609 2758 804 2829 quam
822 2730 1147 2810 fiillorum
1173 2752 1424 2803 tantum
1452 2735 1562 2802 uni
1590 2727 1944 2823 inservirem
1968 2750 2109 2801 tum
2140 2734 2310 2804 enim

608 2831 656 2907 fi
683 2831 1070 2925 supponatur
1096 2850 1221 2902 tres
1248 2831 1551 2900 homines
1585 2831 1701 2899 tria
1730 2829 1994 2900 illorum
2026 2845 2311 2898 extrema

611 2940 675 3006 A
701 2934 753 3006 Β
770 2934 818 3002 F
829 2927 1076 3013 inflare,
1108 2929 1211 2999 ae'r
1226 2930 1336 3024 qui
1351 2929 1418 2998 in
1433 2926 1658 2996 medio
1674 2923 1791 2996 isto
1804 2923 2318 3008 Eoccurremm-

605 3033 879 3128 pelletur
894 3026 1123 3101 eodem
1139 3045 1429 3116 tempore
1445 3015 1952 3105 versusc,versus
1967 3023 2063 3098 D.
2082 3022 2153 3096 δε
2168 3043 2316 3096 ver-

608 3127 714 3203 sus
732 3132 823 3201 G.
837 3131 999 3200 Non
1015 3127 1196 3224 quod
1208 3123 1448 3195 idcirco
1462 3115 1703 3192 nccess'e
1729 3115 1941 3204 fit‚aut
1955 3124 2151 3193 etiam
2163 3116 2318 3215 pos-

608 3228 926 3311 mbilemt,
952 3227 1225 3387 parrivssn
1246 3223 1382 3309 ejus
1410 3218 1696 3314 quaelibet
1726 3217 2321 3331 moveatqpeodem

612 3345 901 3420 tempore
916 3315 1122 3394 versus
1167 3341 1261 3389 res
1276 3313 1450 3386 hasce
1464 3319 1668 3409 'partes
1683 3341 1703 3398 3
1720 3311 1823 3386 sed
1836 3310 2074 3385 sufficit*
2090 3336 2159 3386 ut
2174 3317 2309 3388 illa-

611 3447 759 3504 rum
776 3421 1069 3515 quaedam
1086 3432 1463 3485 moveantur
1477 3408 1684 3487 versus
1702 3415 1766 3486 C
1786 3461 1809 3496 ‚
1826 3411 1956 3485 aliae
1982 3408 2194 3484 versus
2217 3415 2316 3495 D,

610 3528 743 3598 aliae
760 3538 972 3592 autem
988 3506 1197 3587 versus
1212 3515 1258 3582 Ρ
1272 3562 1295 3596 ,
1329 3510 1397 3582 &
1424 3513 1687 3603 quidem
1700 3511 2066 3584 tercelerius
2086 3514 2318 3584 move-

610 3643 797 3698 antur
811 3666 833 3701 ,
860 3635 1052 3711 quam
1075 3609 1194 3683 illae
1217 3632 1359 3706 quae
1374 3609 1523 3680 alias
1537 3610 1839 3683 tuborum
1871 3610 2105 3682 horum
2118 3628 2322 3701 partes

616 3718 932 3811 impleut3
964 3707 1142 3808 quod
1160 3713 1383 3801 utique
1397 3694 1694 3779 creflibile
1725 3704 1812 3783 cst
1830 3756 1851 3790 ,
1878 3726 2033 3776 cum
2071 3725 2167 3777 ter
2201 3703 2464 3778 validius
2493 3700 2924 3794 impellantur.
3020 3697 3169 3795 Jam
3184 3725 3334 3778 vero

583 3806 736 3917 §foc
752 3814 837 3886 ad
849 3812 1182 3882 materiam
1202 3801 1488 3878 subtilem
1502 3802 1873 3898 applicando
1889 3853 1910 3885 ,
1937 3804 2122 3875 facile
2150 3799 2520 3894 intelligitur
2536 3814 2660 3895 qua
2676 3798 2922 3867 ratione
2939 3794 3044 3865 illa
3072 3797 3336 3878 diversas

609 3908 998 3993 diversorum
1011 3923 1359 3997 corporum
1375 3903 1737 3977 lucidorum
1752 3895 2252 3974 aclioneswersus
2283 3891 2548 3971 diversas
2563 3913 2772 3990 partes
2786 3891 3017 3970 eodem
3042 3910 3338 3997 tempore

605 4014 1009 4094 transmittat.

703 4108 931 4202 Pofflm
964 4111 1149 4191 alias,
1178 4103 1315 4179 &c-

686 4209 885 4310 „Reffi
938 4208 1259 4277 Caeterum
1285 4198 1445 4272 mihi
1475 4193 1793 4272 difficilius
1834 4191 1922 4268 est
1952 4185 2236 4266 clausulae
2262 4209 2423 4277 tuae,
2447 4211 2641 4288 quam
2667 4193 2900 4265 caeteris
2925 4185 3335 4286 respondereg,

608 4324 1002 4412 nequaquam
1018 4304 1191 4381 enim
1206 4297 1499 4378 existimo
1513 4290 1744 4372 niereri
1754 4288 2341 4465 mehonorigcailla
2353 4289 2541 4374 verba
2551 4292 2776 4393 quibus'
2783 4294 2854 4367 in
2867 4312 2940 4366 ea
2950 4295 3167 4374 uteris,
3185 4312 3339 4389 neq;

2191 4411 2223 4450 ²
3112 4406 3338 4470 tamen
