4367 5050
557 359 951 504 enteronnnuru
976 381 1110 460 nens
1138 382 1165 458 1.
1185 380 1349 462 norst.
1378 386 1588 478 xxxvm
1619 415 1627 423 -
1709 407 1751 482 π

748 565 1123 660 norsnoen
1166 567 1363 668 xxxvn„
1447 655 1464 684 Ο

676 755 748 870 Ad
773 761 1056 868 Dominum
1087 755 1397 868 Chanutum.

309 1109 313 1118 ,
459 1001 852 1126 Officiiergo,occassone
874 981 1377 1138 primorumquaeaedillurnpro
1390 1011 1528 1126 Regina
1544 1012 1672 1114 Sutcies

963 1116 1124 1225 uestrae.

373 1335 533 1468 FAteor
545 1335 651 1426 pigere
659 1349 715 1400 me
736 1283 1311 1426 quodscripta,quaeedrepro8ueti2
1331 1332 1460 1424 Regina
1474 1329 1706 1406 transmiseram
1722 1383 1736 1419 ,

432 1452 518 1502 tanta
533 1453 611 1500 cum
626 1427 718 1498 laude
732 1428 914 1520 excipienda
926 1429 1103 1511 turonens,
1117 1430 1321 1499 vereorenim
1330 1449 1370 1497 ne
1384 1452 1448 1524 quo
1454 1431 1561 1520 major
1574 1428 1672 1504 fuerit
1679 1435 1734 1502 in·

326 1615 328 1619 Ι
370 1529 595 1619 comparabilis
609 1528 742 1619 Regino:
754 1527 793 1598 de
807 1526 868 1598 tilis
881 1527 991 1615 opinio
1005 1547 1062 1614 ,eo
1084 1523 1206 1618 sequior
1219 1524 1352 1596 demum
1371 1525 1481 1598 futura
1499 1523 1555 1615 srt,
1576 1523 1736 1602 comitur

369 1624 513 1717 periretis
526 1621 602 1694 nihil
616 1628 759 1718 reperiet,
775 1622 863 1719 quod
875 1640 978 1715 aequet
993 1616 1099 1712 spem,
1109 1645 1207 1716 quarn
1221 1623 1307 1716 apud
1316 1621 1407 1694 iiiam
1421 1620 1531 1699 fecisti.
1579 1629 1737 1700 Aliudet-

367 1727 434 1794 iarn
444 1723 557 1806 doleo,
573 1726 728 1794 nimirum
741 1721 840 1817 quod,
849 1715 1095 1792 cumfafricolus
1110 1743 1202 1793 meus
1218 1719 1313 1792 fuerit
1333 1721 1571 1794 Amsteiodami
1592 1749 1649 1819 per
1668 1745 1735 1798 teet

366 1822 585 1894 hebdomadas
605 1822 763 1903 detentus,
777 1821 795 1910 (
809 1820 896 1917 quod
912 1818 1052 1890 intellexi
1060 1815 1279 1891 fauomfoiffr
1299 1840 1465 1913 propterea
1485 1821 1572 1914 quod
1583 1816 1748 1914 poterent

318 1925 326 1934 “
364 1915 426 1992 rue
439 1920 531 1992 illum
544 1941 597 2012 per
611 1941 696 1992 mate
708 1915 1007 2000 transmittendum,
1020 1934 1115 2013 etque
1130 1918 1202 1989 ideo
1216 1922 1485 2012 opportunitatem
1505 1920 1732 2014 expellerent)

240 2041 244 2046 ·
366 2041 421 2113 per
436 2021 500 2090 hoc
508 2021 658 2114 temporis
680 2014 816 2110 spatium
825 2037 891 2087 non
899 2016 1085 2087 tentaverim
1095 2015 1213 2111 aliquid
1224 2069 1235 2102 ,
1247 2018 1335 2112 quod
1344 2011 1418 2087 effer
1431 2036 1521 2088 tanta
1535 2021 1730 2110 expedietio-

363 2141 405 2189 ne
419 2123 525 2188 minus
538 2119 720 2208 indignum.
769 2119 857 2187 Nam
866 2115 940 2184 lieet
954 2116 987 2182 in
997 2118 1077 2186 meis
1090 2114 1225 2185 odiliam
1234 2117 1331 2188 literis
1343 2137 1613 2208 operamomnem
1625 2119 1661 2188 &
1675 2123 1730 2196 in·

362 2218 496 2306 genium
510 2215 719 2295 contulerim,
734 2227 845 2281 tantun
856 2209 1246 2306 noviffimaeeogitationes
1253 2219 1362 2307 primis
1376 2215 1524 2286 clariores
1539 2211 1598 2287 eise
1610 2213 1730 2300 soient,

362 2313 552 2405 &preterea
569 2306 770 2380 rescribendo
786 2306 1032 2387 festinaveram,
1054 2331 1125 2378 mea
1145 2307 1253 2380 saitem
1281 2311 1529 2404 promptitudine
1544 2313 1730 2396 testaretur,

360 2432 456 2500 quam
464 2407 555 2478 avide
567 2405 761 2497 persequerer
774 2404 961 2474 mandatum
978 2405 1061 2476 istud
1076 2405 1163 2497 quod
1183 2403 1297 2498 summi
1313 2411 1443 2480 honoris
1462 2413 1537 2480 ioco
1559 2412 1726 2483 habebant·

358 2506 412 2579 En
423 2508 579 2585 Domine,
589 2521 808 2597 omnesquae
818 2501 927 2594 poffim
941 2502 1075 2595 fingere,
1090 2501 1217 2572 tristitie
1226 2499 1329 2574 cauus
1344 2557 1355 2589 ,
1378 2506 1492 2597 quibus
1514 2507 1651 2579 modum
1668 2511 1729 2579 ali-

358 2628 455 2699 quem
475 2594 738 2697 pontmsurnmae
751 2622 811 2692 qua
840 2593 1009 2690 perfundor
1025 2598 1169 2679 iaetiriae,
1195 2594 1277 2667 dum
1295 2599 1442 2694 intelligo
1460 2622 1617 2695 magnam
1629 2606 1722 2678 ruam
1830 2617 1833 2625 '
1924 2619 1929 2629 '

353 2706 519 2797 Reginam
543 2721 610 2769 non
627 2695 791 2789 dedignari
811 2716 883 2791 mee
896 2716 964 2786 quae
977 2688 1045 2764 misr
1067 2690 1177 2788 scripta
1192 2695 1297 2787 legere
1317 2716 1533 2793 ,eoquorum
1551 2704 1621 2770 otio
1645 2720 1725 2791 perr.

353 2798 443 2873 sitare
463 2829 475 2887 ς
501 2792 602 2871 ausim
621 2795 708 2864 enim
723 2789 843 2885 sperare
860 2798 970 2863 inanes
985 2813 1051 2859 non
1073 2788 1142 2863 for‘e
1165 2797 1375 2885 cogitationes
1395 2818 1449 2865 ees
1468 2844 1480 2877 ,
1511 2817 1579 2888 quae
1597 2802 1631 2869 in
1659 2800 1724 2872 iuis

350 2902 579 2978 comitentur,
594 2891 616 2965 st
630 2890 734 2961 modo
754 2887 813 2983 ipsa
828 2890 897 2960 illas
908 2886 1075 2982 gustaverit
1105 2915 1114 2971 3
1139 2891 1209 2959 imo
1227 2887 1349 2987 &quia
1365 2898 1447 2965 inter
1460 2890 1725 2969 orbisDontinot
1797 2884 1800 2895 ’

279 3009 283 3015 ’
353 2992 415 3096 ipse
429 2999 541 3070 locunt
555 3010 658 3067 tenet.
672 2982 759 3083 porse
779 3010 831 3060 eas
848 2992 882 3059 in
899 2982 1063 3079 publicum
1085 2988 1209 3057 bonnm
1223 2985 1351 3069 cedere,
1402 2992 1489 3064 Mihi
1510 3016 1607 3085 porto
1628 2994 1723 3066 vide-

350 3119 387 3167 or
406 3114 546 3186 expertus
558 3082 663 3170 fuine,
685 3088 813 3159 illarum
830 3081 1116 3157 considerationem
1131 3083 1322 3159 confirmare
1346 3091 1493 3162 animum
1514 3094 1549 3162 in
1570 3094 1728 3164 exercitio

350 3196 473 3267 virtutis
491 3240 503 3273 ,
518 3193 684 3283 magisque
700 3188 742 3257 ad
754 3184 989 3273 beatitudinem
1005 3178 1142 3253 nostram
1156 3182 1336 3255 conducere
1351 3236 1361 3263 ‚
1377 3210 1475 3281 quarn
1493 3190 1620 3286 quidvis
1640 3212 1719 3283 pre·

349 3310 434 3362 terea
450 3286 544 3358 aliud.
592 3282 654 3357 Sed
663 3288 713 3353 vix
726 3280 768 3355 est
784 3282 900 3354 utilius
916 3284 960 3353 ita
975 3276 1171 3373 exprefferim
1191 3330 1203 3364 ,
1219 3283 1380 3380 utquales
1408 3288 1495 3357 mihi
1509 3264 1586 3356 ralis
1615 3295 1715 3363 etiam

349 3376 416 3463 aliis
431 3384 606 3477 videantur.
655 3380 759 3453 Valde
773 3402 852 3453 areo
870 3374 1003 3460 rescire,
1027 3380 1122 3476 quale
1147 3375 1185 3450 ur
1199 3384 1344 3473 'Reginoe
1368 3381 1407 3452 de
1427 3385 1489 3453 iilis
1515 3383 1674 3473 judicium
1701 3436 1714 3472 ,

346 3478 490 3559 mininie
503 3502 577 3555 vero
592 3477 685 3575 quale
698 3475 734 3550 fir
751 3496 857 3550 tunm.
905 3478 1017 3548 Murro
1033 3479 1103 3571 pius
1118 3478 1197 3547 vaiet
1218 3500 1282 3549 vox
1301 3474 1551 3552 adsumendum
1578 3526 1588 3555 .
1619 3505 1716 3577 quam
1836 3510 1838 3514 ·

343 3588 471 3669 ehttta,
487 3604 546 3653 nec
565 3576 676 3650 dubito
689 3582 767 3671 quin
779 3578 942 3671 Reginam
956 3572 1049 3647 facile
1066 3573 1224 3669 pertrahas
1239 3581 1272 3648 in
1292 3574 1478 3651 sententiam
1502 3597 1617 3661 tuam,
1656 3578 1717 3655 sal.
1824 3629 1828 3636 ,

229 3691 256 3732 ,a
346 3708 414 3771 rem
434 3679 539 3756 finon
554 3670 592 3751 stt
607 3678 687 3748 mihi
700 3674 850 3747 indecora
875 3704 885 3759 ;
906 3695 965 3745 nec
978 3677 1066 3745 enim
1088 3695 1151 3746 tuae
1175 3695 1249 3768 erga
1267 3695 1321 3743 me
1352 3672 1582 3749 benevolentior
1606 3684 1716 3764 onori-

344 3786 439 3857 diane
461 3796 646 3872 argumenta
659 3770 764 3849 finunt
785 3793 820 3843 ur
838 3770 925 3842 secur
940 3770 982 3841 de
1004 3790 1037 3841 te
1059 3766 1207 3841 sentiam.
1253 3770 1410 3842 viderem
1433 3772 1567 3847 libenter
1594 3783 1716 3851 oratio·

344 3904 421 3955 nem
431 3880 568 3955 Domini
591 3878 624 3948 F.
637 3894 764 3967 propter
780 3890 1008 3966 argumentum
1027 3867 1140 3963 ,quod
1162 3865 1261 3936 inilia
1280 3867 1455 3950 trauntur.
1481 3875 1633 3967 illamque
1658 3898 1713 3967 pe.

343 4000 414 4053 tam
432 3980 450 4051 i
470 3979 619 4049 Domino
633 3968 768 4055 Braiiet,
794 3988 892 4065 quam
911 3969 1049 4060 primum
1065 3968 1153 4037 illam
1167 3970 1335 4057 receperit.
1382 3972 1544 4043 Ceterum
1567 3974 1712 4065 propofi·
1850 3998 1854 4005 ’

344 4098 418 4153 turn
433 4076 478 4149 est
493 4075 570 4147 milti
583 4077 631 4147 ire
643 4068 773 4147 Parifios
788 4060 905 4140 meniis
921 4066 1058 4164 proximi
1076 4064 1178 4141 initio,
1194 4061 1484 4168 poffemquedicere
1495 4068 1611 4145 referre
1636 4094 1711 4144 „m

283 4258 291 4285 Ι
344 4196 426 4279 utre
444 4176 488 4255 ibi
503 4192 571 4246 tarn
585 4177 650 4247 cito
665 4195 734 4247 non
746 4168 901 4255 videam,
921 4186 1048 4265 propter
1060 4156 1168 4337 oipicia
1180 4214 1193 4250 ‚
1207 4168 1324 4267 quibus
1342 4190 1399 4243 me
1420 4173 1455 4243 in
1473 4174 1586 4245 Suecie
1604 4166 1709 4285 prosp.

1140 4287 1161 4345 a
1601 4290 1706 4363 quent
