4367 5050
440 415 491 500 ‚n
782 410 1000 482 annuat
1052 411 1164 486 uus'
1189 415 1405 492 cantus

442 528 592 622 intelligi,
605 525 739 618 eoquod
750 523 853 598 bassus
861 549 916 620 pet
929 528 1051 617 majora
1064 532 1226 603 intervalla
1239 540 1421 609 naturaliter
1433 541 1599 630 procedat,
1613 563 1709 637 quam
1722 540 1813 637 lupe-

446 630 513 696 tius
532 620 716 702 anonlecua
732 647 831 721 quana
843 623 938 695 saltus
950 628 1134 716 quindecim
1151 631 1269 720 pedum
1285 633 1348 705 dici
1361 638 1464 727 potest
1482 645 1591 713 minor
1606 641 1744 735 tespedlu
1758 648 1814 714 viri

445 720 634 815 cujuspiam,
642 744 736 814 quam
751 720 844 792 saltus
858 724 969 792 decem
984 725 1103 817 pedntn
1114 724 1251 818 tespedlu
1264 737 1352 822 pueti
1359 737 1513 827 quadrimi
1526 772 1538 826 3
1558 743 1630 833 quia
1644 764 1757 833 nempe
1773 743 1814 813 il-

446 824 477 894 le
490 815 695 912 majotipall'u
708 821 1035 914 incudinquampuer.
1083 829 1813 927 Rogasdeludeturaequaleesoniattentionem

444 921 551 1012 tnagis
572 919 709 993 excitent
727 915 940 1003 ascendendo,
960 943 1054 1017 quam
1069 922 1290 998 descendendo
1319 959 1328 1002 t
1356 930 1590 1007 haudmemini
1605 939 1731 1030 quidde
1751 941 1815 1008 hoc

447 1017 530 1088 adte
541 1013 710 1106 sctipletim
728 1047 739 1101 3
756 1015 968 1087 nihilominus
981 1017 1816 1130 dicamcausamnouelsepetendamexeotuntaequa-

442 1115 807 1208 litateautinequalttate
829 1111 907 1199 ·‚sed
921 1111 1102 1209 'generatim
1126 1117 1240 1191 sonum
1262 1131 1463 1213 acutiorem,
1483 1129 1585 1229 quifit
1604 1130 1818 1216 ascendendo,

446 1216 670 1306 autemtuagis
684 1213 792 1288 ferire,
807 1236 1036 1305 quamgtavtm
1050 1238 1167 1310 aatqne
1176 1224 1208 1289 in
1216 1244 1376 1296 concentu
1387 1219 1514 1301 Mu'fico
1520 1232 1645 1303 ltvoces
1652 1235 1814 1326 equaliter

444 1308 767 1402 sempetptoeedant‚
783 1330 838 1379 aut
851 1309 1066 1402 dsptitnantut
1075 1316 1227 1407 paulatim
1239 1320 1495 1404 &remittantun
1509 1329 1541 1398 id
1563 1332 1818 1403 auditoret'con·

448 1407 623 1500 sopitorum
640 1436 648 1479 a
669 1404 1088 1481 econtraautemtationem
1103 1416 1261 1506 optimam
1275 1419 1349 1492 illos
1358 1427 1513 1498 excitandi
1528 1424 1633 1512 effen
1651 1432 1816 1500 voxdete-
1839 1435 1843 1440 ’

347 1499 352 1508 ’
447 1508 745 1599 penteanollatur.·
778 1504 914 1577 Divetso
929 1507 1067 1603 respedlu
1084 1511 1148 1582 dici
1169 1514 1268 1606 potest
1288 1513 1404 1590 sonum
1417 1544 1546 1616 gravem
1567 1523 1625 1596 else
1639 1533 1743 1623 magis
1762 1545 1818 1600 aut
1883 1549 1889 1554 ·

447 1600 956 1696 minussonum,quamacutunt.
1003 1605 1155 1681 Constllit
1179 1618 1317 1688 enimin
1341 1625 1458 1711 majori
1474 1619 1654 1695 extensione
1689 1629 1817 1720 longius

449 1703 549 1773 auditi
562 1702 676 1793 potest,
690 1702 758 1771 διε.
806 1703 869 1774 Sed
885 1702 1002 1776 dicitur
1015 1702 1155 1776 Musicen
1170 1709 1429 1801 fundamentum,
1446 1726 1517 1814 quia
1533 1743 1646 1794 motus
1662 1727 1732 1815 ejus
1745 1725 1818 1795 sunt

447 1803 615 1879 tardiores,
628 1798 803 1889 &proinde
812 1803 844 1868 in
853 1802 1063 1892 plutespattes
1071 1805 1192 1877 dividui
1220 1837 1232 1892 ;
1268 1809 1517 1888 fundamentum
1534 1819 1631 1890 'enim
1653 1823 1768 1895 dicitur
1782 1824 1817 1895 id

448 1895 691 1993 quedeliveluti
702 1898 944 1986 ampliffimum,
958 1901 1328 1989 &minusvariatundt
1338 1915 1432 2004 ¹quod
1447 1913 1624 2009 subjedlunt
1643 1919 1702 1992 elle
1717 1919 1818 2014 potest

448 2003 618 2067 euicaetera
634 1991 886 2086 supetlltuantut.
935 2000 1107 2094 Qantum
1123 2001 1306 2074 admodum
1323 2031 1415 2080 tuum
1426 2018 1625 2088 examinandi
1633 2017 1817 2090 consonan-

447 2097 562 2166 tiatum
577 2093 917 2174 bonitatem,docutlli
928 2115 981 2177 me
994 2099 1072 2190 quid
1084 2097 1156 2170 elset
1167 2099 1455 2182 dehocdice'ndutn
1469 2139 1478 2194 3
1494 2133 1610 2208 nempe
1620 2112 1828 2190 subtiliorem'

445 2189 525 2267 elle.
535 2212 632 2281 quam
648 2211 683 2260 ut
697 2186 899 2281 dignoscatur
910 2193 949 2262 ab
956 2215 1119 2288 aute,quat
1135 2195 1197 2269 sola
1213 2202 1564 2298 bonitatishujusjudex
1578 2213 1633 2285 eli
1679 2217 1817 2311 thuod

381 2337 387 2348 ι
446 2290 490 2362 ad
505 2285 672 2358 trntsttum
686 2288 806 2358 laertio
814 2293 937 2380 majore
949 2291 989 2361 ad
998 2289 1194 2382 unisonum,
1210 2297 1376 2399 acquiesco
1390 2305 1598 2396 proditorum
1613 2311 1829 2390 Mustcotum·

447 2391 577 2461 rationi.
1011 2409 1017 2430 “

495 2481 827 2559 Nullumelldubiun't
842 2489 915 2583 quin
934 2490 1036 2563 trabes
1050 2486 1271 2567 fiveeoluntna
1286 2499 1319 2569 in
1335 2504 1544 2601 qualicunque
1561 2507 1718 2604 positione
1732 2509 1816 2587 lem·

445 2588 658 2681 pergraviter,
672 2583 862 2657 &deorsum
877 2588 1008 2666 tendatt
1036 2600 1291 2686 caputqutetium
1302 2602 1445 2673 nostrum
1461 2601 1698 2702 superhumeris
1710 2622 1816 2709 gravi-

445 2681 1543 2794 vitat,dttotumcotpussuperctutilaus,licetidnonpercipiamus.¹
1581 2710 1723 2803 Superest
1746 2734 1815 2785 tan·

445 2801 522 2852 tunt
537 2802 572 2851 ut
580 2783 619 2851 ali
641 2782 826 2853 uindicaui
842 2784 884 2853 de
896 2779 1179 2883 celet'itatemotus,
1194 2790 1234 2859 de
1248 2816 1310 2887 qua
1326 2796 1405 2871 dicis
1428 2804 1473 2871 D.
1489 2808 1708 2879 Bectnannunt
1723 2809 1762 2876 ad
1779 2828 1811 2879 te

446 2874 602 2970 sctipfille,
617 2803 668 2949 led
677 2877 716 2948 de
729 2877 918 2953 hocmeliue
932 2884 1055 2952 dicetur
1064 2878 1283 2979 respondendo
1296 2893 1337 2965 ad
1352 2902 1572 2973 recentissimas
1585 2925 1663 2977 tuas.
1692 2912 1811 3003 Qan-

446 2998 525 3054 tuni
541 2977 581 3045 ad
590 2981 830 3067 proportionem
838 2980 1002 3050 celeritatis
1013 2976 1290 3077 secundumquam
1302 2994 1445 3083 pondera
1453 2999 1658 3088 descendunt,
1667 3000 1813 3097 scripstad

339 3130 343 3137 ,
447 3097 483 3146 te
490 3097 545 3168 pet
556 3069 725 3158 superiores
734 3071 855 3162 quidde
863 3073 1171 3159 ltoclcitem,saltetn
1187 3087 1218 3153 in
1236 3110 1334 3162 vacuo
1358 3124 1368 3177 3
1395 3091 1447 3164 sed
1467 3094 1580 3169 in'aite
1596 3126 1708 3175 verum
1722 3105 1764 3175 cll
1783 3104 1816 3177 id

356 3221 364 3233 ,
447 3172 539 3269 quod
553 3165 670 3260 sctipfit
685 3168 725 3237 ad
733 3186 764 3237 te
772 3172 819 3247 D.
831 3174 1171 3259 Becmannut,modo
1188 3176 1340 3274 supponas
1363 3194 1446 3286 quod
1461 3220 1525 3290 quo
1541 3200 1672 3273 celerius
1687 3205 1816 3289 pondus

448 3267 619 3349 descendit,
629 3290 668 3337 eo
681 3272 845 3360 magistet
857 3270 1026 3345 illirefislit.
1074 3280 1105 3348 Si
1122 3284 1207 3351 enini
1219 3283 1250 3354 id
1265 3310 1371 3371 vetum
1386 3292 1654 3391 est‚quodtamen
1666 3304 1817 3373 noudum

367 3381 384 3463 J
448 3368 554 3440 habeo
566 3376 882 3459 cettocontpe'ttum,
895 3369 951 3441 liet
965 3373 1095 3445 tandem
1105 3398 1140 3449 ut
1150 3380 1201 3449 a'et
1209 3402 1335 3456 tantum
1347 3388 1452 3461 exacte
1467 3396 1636 3486 impediat,
1658 3396 1816 3493 quonum

448 3464 853 3564 gravitusadditceletitatis
870 3472 1123 3543 ntotuiinvacuo
1140 3499 1147 3538 :
1165 3484 1554 3577 atquehocposttomntus
1572 3504 1712 3569 manebit
1732 3498 1817 3569 sem·

448 3590 502 3659 pet
515 3566 656 3658 equalis,
669 3562 721 3635 sed
732 3566 793 3635 hoc
809 3572 1006 3659 cogitatione
1020 3591 1146 3641 tantum
1167 3576 1291 3648 definiti
1312 3584 1411 3670 potest
1433 3618 1443 3670 ς
1469 3594 1560 3679 cujus
1575 3602 1673 3684 prauis
1695 3622 1815 3691 neqtta·

436 3686 546 3761 quant
559 3662 721 3757 speranda.
770 3666 942 3758 Qantum
958 3690 1032 3737 veto
1043 3669 1082 3737 ad
1100 3677 1312 3765 experimenta
1328 3702 1380 3751 tua
1395 3730 1405 3764 ,
1421 3687 1639 3783 quodpondus
1660 3700 1816 3793 quinqua·
1850 3770 1857 3775 ,

447 3766 539 3860 ginta
557 3761 675 3853 pedum
692 3757 1037 3849 spatiumdescendens,
1058 3771 1246 3843 tantundem
1257 3785 1410 3874 temporit
1423 3786 1586 3876 impendat
1597 3794 1813 3884 percutiendo

447 3865 562 3955 viginti
575 3864 718 3957 quinque
731 3861 862 3931 ultimos
880 3865 1385 3967 pedesquepercurrendoptimos
1409 3907 1419 3961 3
1441 3878 1676 3979 salvapacenon
1692 3891 1813 3985 polium

313 3953 317 3963 '
378 3952 385 3969 '
447 3961 526 4030 mihi
541 3955 814 4052 persuaderequod
825 3962 875 4030 illa
891 3958 998 4032 exalia
1009 3959 1067 4033 fint
1088 3994 1099 4037 a
1122 3972 1154 4038 in
1164 3994 1263 4041 vacuo
1280 3980 1501 4052 eniminvenio
1516 3989 1640 4075 pondus
1653 3992 1733 4062 illud
1745 4017 1813 4065 non

448 4058 634 4150 impendere
650 4048 706 4124 nist
720 4058 843 4126 tertiam
860 4067 1013 4151 temporis
1030 4083 1151 4156 partem
1165 4074 1376 4159 percutiendo
1384 4082 1497 4171 viginti
1511 4090 1648 4183 quinque
1661 4091 1793 4164 ultimo<
1800 4140 1813 4174 ,

444 4153 991 4248 necpolsuntanimuminducerent
1008 4158 1137 4231 credam
1158 4170 1235 4239 aitis
1243 4173 1512 4263 impedimentum
1525 4206 1591 4256 tam
1601 4192 1739 4261 notabile
1752 4188 1812 4263 else

447 4280 483 4329 ut
494 4248 710 4330 differentiani
723 4249 805 4325 hatte
817 4253 1101 4353 imperceptibilem
1112 4263 1234 4343 reddat.
1285 4274 1376 4361 vale,
1390 4274 1451 4347 εις,

1713 4390 1815 4461 ΕΡΙ-
