4367 5050
1026 434 1165 509 u>
1688 414 3206 490 annarxnssscanrsss

1027 541 1351 631 ponamus
1372 536 1645 631 exempli
1657 531 1827 606 causa
1848 538 1902 605 B
1922 537 1982 607 C
2001 537 2047 604 F
2066 530 2183 604 ess‘e
2201 537 2484 604 arteriam
2499 527 2605 603 san
2657 537 2802 605 uine
2817 533 3068 626 plenam
3083 585 3104 618 ,
3120 554 3193 608 ut
3203 560 3291 607 eae
3315 535 3458 610 sunt
3492 534 3757 631 semper,

1036 634 1192 704 &in
1208 655 1397 726 quam
1413 657 1690 705 recenter
1715 659 1791 704 ex
1806 634 1997 703 corde
2013 638 2069 702 A
2092 630 2388 702 nonnihil
2407 635 2561 703 novi
2600 633 2891 725 anguinis
2909 633 3255 727 ingreditur
3292 660 3314 702 ε
3369 635 3456 709 fic
3474 644 3647 708 enim
3660 634 3765 711 saa

1033 734 1155 802 cile
1177 731 1611 825 intelligemus
1631 733 1798 803 hunc
1811 753 2053 803 novum
2072 727 2439 824 sanguinem
2458 752 2596 799 non
2609 726 2779 822 poss’e
2792 733 3055 821 implere
3068 727 3332 824 spatium
3352 741 3403 807 B
3420 786 3443 818 ,
3469 734 3645 832 quod
3668 730 3756 807 est

1030 831 1103 900 in
1112 826 1357 898 orificio
1373 830 1563 922 hujus
1576 832 1832 912 arteriae,
1847 831 1998 922 quin
2011 831 2124 900 alia
2137 850 2271 921 pars
2287 822 2625 922 sanguinis,
2641 830 2958 919 quaeprius
2971 833 3272 922 implebat
3287 837 3598 907 hocidem
3617 831 3755 926 spa-

1030 930 1203 997 tium
1223 930 1302 1009 B,
1318 931 1573 1001 recedat
1592 923 1798 1001 versus
1815 932 1900 1014 C,
1913 927 2191 1021 indeque
2211 926 2363 996 alias
2378 944 2582 1020 partes
2598 923 2921 1019 sanguinis
2933 930 3147 999 trudat
3164 930 3374 1003 versus
3408 938 3477 1006 D
3492 982 3518 1017 ,
3555 928 3635 1003 δι’
3666 928 3756 1005 fic

1032 1019 1490 1118 consequenter
1510 1023 1697 1122 usque
1713 1029 1791 1095 ad
1806 1026 1866 1095 E
1891 1056 1912 1111 3
1945 1025 2109 1095 adeo
2128 1047 2198 1095 ut
2216 1025 2450 1094 eodem
2465 1019 2593 1116 ipso
2611 1021 2860 1095 instanti
2882 1050 3006 1120 quo
3017 1023 3268 1122 sanguis
3293 1030 3569 1103 ascendit
3592 1033 3754 1101 abA
3787 1065 3795 1074 ·

1030 1121 1116 1192 ad
1141 1126 1196 1192 B
1213 1173 1233 1204 ,
1250 1125 1475 1196 debeat
1490 1130 1713 1197 arteria
1742 1121 1972 1215 pulsare
2005 1124 2174 1194 adli..
2242 1125 2386 1194 Nec
2408 1117 2676 1192 obstabit
2691 1117 2737 1192 fi
2762 1121 3163 1216 fingamusin
3179 1150 3251 1200 ea
3267 1133 3574 1202 contineri
3589 1130 3759 1199 cala-

1036 1240 1224 1293 mum
1235 1222 1335 1306 D.
1350 1226 1448 1300 vel
1466 1223 1731 1321 quodvis
1746 1221 1917 1294 aliud
1932 1244 2161 1314 corpus
2175 1217 2301 1295 five
2319 1239 2543 1293 cavum
2561 1216 2687 1292 five
2713 1216 3007 1312 solidum,
3024 1228 3231 1303 modo
3254 1228 3445 1302 libere
3469 1245 3645 1300 natet
3682 1230 3753 1304 in

1020 2313 1371 2415 sanguine,
1399 2316 1547 2410 quia
1571 2335 1742 2408 aeque
1777 2308 1958 2384 facile
1971 2311 2241 2405 pelletur
2265 2309 2387 2384 tale
2398 2330 2628 2406 corpus
2654 2306 3015 2386 versusEac
3041 2305 3162 2402 ipse
3187 2304 3456 2406 sanguia.
3508 2309 3749 2400 Super-

1021 2417 1197 2494 ficies
1227 2424 1399 2487 enim
1421 2416 1664 2488 interna
1676 2415 2040 2489 arteriarum
2074 2408 2159 2489 est
2192 2411 2550 2482 admodum
2563 2411 2836 2491 laevis,&
2862 2415 3168 2503 quoniam
3188 2409 3315 2505 illae
3333 2407 3747 2488 constanttu-

1024 2521 1189 2591 nicis
1206 2511 1346 2588 satis
1365 2514 1558 2596 duria,
1586 2532 1719 2592 non
1751 2506 1808 2581 se
1832 2510 2214 2583 contrahunt
2241 2530 2310 2580 ut
2335 2511 2625 2582 intestina
2654 2509 2750 2582 vel
2783 2533 2955 2582 venae
2978 2508 3055 2580 ad
3084 2505 3435 2580 mensuram
3461 2512 3749 2602 corporis

1032 2615 1208 2715 quod
1225 2616 1289 2686 in
1308 2616 1378 2685 iis
1394 2615 1778 2694 continetur,
1793 2606 1894 2680 sed
1908 2615 2103 2682 etiam
2130 2629 2363 2689 vacuae,
2377 2607 2446 2678 &
2465 2611 2531 2677 in
2546 2628 2808 2680 mortuo
2822 2610 3102 2692 animali,
3120 2606 3338 2698 patulae
3353 2629 3548 2703 atque
3560 2605 3748 2681 hian-

1027 2735 1123 2787 tes
1144 2710 1261 2785 esse
1289 2708 1519 2784 solent.
1613 2716 1675 2782 Si
1691 2732 1845 2781 vero
1869 2702 1941 2779 fit
1955 2710 2113 2778 alius
2127 2705 2485 2777 calamusiu
2508 2705 2725 2778 Ehuic
2739 2710 2976 2779 arteriae
2993 2707 3229 2777 inditus
3248 2707 3318 2777 &
3345 2702 3523 2796 supet
3548 2729 3743 2798 quem

1021 2809 1398 2908 fitlligatamt
1421 2810 1558 2881 vult
1574 2809 1882 2885 Galenus,
1899 2807 2041 2875 licet
2053 2800 2302 2898 sanguis
2329 2826 2438 2896 pet
2457 2805 2624 2875 hunc
2637 2808 2960 2890 calamum
2978 2800 3428 2895 poffittranfire
3440 2808 3517 2876 ad
3530 2807 3742 2886 F‚non

1021 2934 1238 2988 tamen
1255 2909 1342 2980 ibi
1357 2905 1882 2977 concutietlatera
1896 2907 2150 2987 arteriae,
2166 2899 2384 2973 saltem
2401 2904 2789 2986 notabiliter,
2806 2905 3108 2996 quoniam
3126 2924 3205 2971 ex
3226 2901 3488 2995 angusto
3508 2904 3656 2975 loco
3668 2909 3740 2978 in

1018 3014 1309 3085 latiorem
1332 3000 1704 3096 transeundo
1722 3021 2026 3095 magnam
2048 3022 2284 3093 partem
2301 2997 2543 3072 suarum
2563 3004 2790 3073 virium
2807 3004 3095 3083 amittet,
3123 2997 3506 3096 reliquasque
3531 3007 3749 3095 potius

1021 3106 1373 3179 secundum
1398 3099 1876 3195 longitudinem
1895 3100 2145 3182 arteriae,
2163 3122 2366 3197 quam
2393 3092 2739 3171 secundum
2775 3105 2912 3191 ejus
2937 3099 3340 3173 latitudinem
3373 3102 3690 3173 exercebit
3714 3150 3740 3185 ,

1019 3229 1093 3279 ac
1107 3203 1368 3295 proinde
1385 3198 1560 3271 illam
1575 3198 1832 3294 quidem
1849 3203 2075 3290 poterit
2091 3203 2405 3273 continuo
2419 3193 2654 3269 affluxu
2674 3203 2933 3292 implere
2946 3250 2967 3282 ,
2995 3200 3544 3294 tumidioremque
3589 3200 3745 3271 red-

1018 3306 1198 3382 dere,
1216 3323 1346 3372 non
1364 3318 1569 3369 autem
1587 3294 1885 3372 distinais
1902 3293 2268 3370 subsultibus
2287 3302 2539 3394 agitare.
2633 3300 2778 3369 Nec
2806 3300 2924 3368 alia
2956 3302 3118 3368 ratio
3147 3298 3385 3378 est,cur
3419 3321 3593 3369 venae
3619 3320 3735 3390 per

1017 3403 1215 3480 varias
1232 3392 1657 3471 anastomoses
1669 3401 1904 3470 arteriis
1918 3394 2276 3489 conjuncta
2291 3420 2425 3468 uon
2443 3399 2634 3466 etiam
2653 3391 2922 3487 pulsent,
2935 3419 3128 3490 quam
3158 3398 3294 3489 quia
3318 3395 3584 3486 ipsarum
3624 3420 3739 3467 ex-

1010 3501 1520 3590 tremitates,pet
1535 3517 1687 3591 quas
1718 3494 2364 3592 sanguisiugreditur,
2397 3491 2785 3588 angustiores
2812 3489 2955 3566 sunt
2987 3515 3212 3569 earum
3248 3492 3442 3567 alveis
3473 3499 3542 3569 in
3574 3517 3742 3592 quos

1008 3600 1181 3676 fluit.
2286 3609 2293 3616 '

1100 3689 1432 3769 Possumus
1451 3709 1667 3765 autem
1686 3691 1810 3783 hoc
1827 3691 2335 3780 experimentum
2347 3685 2580 3761 Galeni
2595 3688 2847 3760 duobus
2861 3687 3224 3761 aliis-modis
3236 3708 3498 3762 tentare.
3524 3692 3734 3765 Nem-

1009 3820 1085 3892 pe
1100 3797 1269 3867 velin
1288 3788 1979 3864 arteriaminttudendo
2008 3786 2353 3869 calamum,
2371 3784 2492 3859 five
2509 3787 2809 3860 tubulum
2827 3788 3024 3858 alium
3072 3793 3444 3887 quempiam
3473 3838 3497 3872 ,
3536 3798 3641 3885 qui
3656 3788 3737 3865 stt
3830 3840 3845 3845 -

1008 3916 1147 3968 tam
1165 3884 1385 3963 craffus
1402 3911 1471 3962 ut
1490 3908 1693 3964 totam
1708 3892 1939 3959 arteriae
1951 3891 2359 3980 capacitatem
2381 3885 2625 3979 replens
2649 3888 2784 3979 ejus
2801 3884 3144 3980 superficiei
3166 3891 3423 3958 intetnae
3449 3886 3730 3961 adhaere-

1006 4016 1072 4064 at
1101 4045 1120 4075 ,
1151 4014 1270 4062 nec
1297 4010 1511 4060 natare
1537 3986 1717 4081 poffit
1750 3990 1817 4068 in
1846 3983 2183 4078 sanguine,
2213 4008 2282 4059 ut
2308 3985 2412 4057 ille
2443 3987 2551 4079 qui
2573 3986 2675 4056 hic
2692 3981 3156 4080 adGappiRus
3172 3986 3260 4055 est
3278 4034 3300 4065 ‚
3328 3987 3497 4056 intus
3522 4008 3735 4060 autem

1002 4092 1233 4163 habeat
1272 4090 1617 4159 cavitatem
1645 4106 1782 4159 tam
1812 4083 2142 4179 angustam
2171 4132 2196 4167 ,
2232 4103 2466 4156 utnon
2496 4085 2855 4157 liberiorem
2895 4081 3226 4155 transitum
3265 4077 3550 4178 sanguini
3577 4110 3735 4179 prae-

989 4192 1141 4272 ,beat
1172 4237 1194 4270 ‚
1236 4205 1429 4275 quam
1464 4182 1567 4254 ille
1591 4185 1698 4278 qui
1723 4184 1828 4254 laic
1856 4182 2103 4256 videtur
2129 4180 2209 4253 ad
2232 4182 2325 4266 E,
2366 4205 2498 4278 quo
2530 4177 2669 4253 casu
2700 4188 2900 4260 etiam
2929 4203 3066 4253 non
3087 4180 3321 4274 ligatus
3336 4188 3567 4255 arteriae
3581 4207 3736 4257 mo..

997 4312 1143 4363 tum
1156 4280 1343 4359 fister.
1418 4280 1549 4355 Vel
1582 4279 1785 4355 rursus
1805 4283 1871 4352 in
1898 4285 2196 4353 arteriam
2223 4279 2611 4352 lntruclendo
2625 4282 2976 4361 calamum,
2994 4285 3101 4373 qui
3140 4282 3471 4354 cavitatem
3500 4283 3733 4357 habear

993 4407 1158 4463 tam·
1178 4387 1405 4474 latam,
1429 4399 1502 4458 ut
1542 4402 1678 4487 non
1709 4380 2226 4489 miflussspssuffl
2266 4374 2599 4488 gratuitum
2634 4378 2915 4486 prgbegt
2951 4374 3243 4489 sanguini
3279 4400 3478 4481 quam
3527 4405 3731 4456 vacua

1589 4523 1597 4537 ·
3454 4482 3674 4557 arteria
3704 4510 3728 4559 ε
